2784 5174
691 350 893 414 -158-

238 541 325 610 unde
349 539 388 606 ad
409 561 515 608 reram
541 541 713 607 lectionem
741 542 774 606 in
799 539 979 607 Mnasaicac
1010 538 1152 606 carmine
1173 540 1347 607 insonter·

237 659 312 728 dam
331 673 518 752 argumenta
536 660 655 728 ducere
678 682 743 727 non
773 659 862 728 licet.
910 660 949 727 Iu
975 658 1120 726 Phaenui
1151 660 1347 751 inscriptio·

235 783 287 848 nis
309 804 354 851 ss.
378 785 410 856 1.
438 783 550 874 scripsi
573 781 678 858 νίνείκν
701 803 762 872 pro
791 779 888 856 ἐνείκν
910 791 944 847 et
974 777 1118 847 dativum
1152 779 1347 866 Δαμνκρίτρ

236 903 326 970 iunxi
355 926 428 969 cum
458 903 564 971 serbis
593 905 647 971 τὸν
677 903 779 984 βαθὺν
811 899 891 983 ἆγον
919 899 1023 971 ὕπνον.
1070 903 1118 970 De
1148 923 1217 993 qno
1246 894 1390 973 etiam*

233 1024 440 1096 diermanuus
467 1023 648 1095 admonuit.
697 1025 763 1099 ,tris
792 1022 978 1092 addendum
1010 1023 1120 1114 piures
1154 1024 1347 1116 inscriptio·

234 1144 293 1213 noa
315 1148 348 1212 in
372 1168 466 1215 cauce
485 1146 628 1238 sepultos
652 1143 869 1233 Authoiogiae
892 1146 1027 1210 insertas
1048 1158 1081 1212 et
1105 1142 1243 1215 additas.
1258 1168 1345 1229 esec,

233 1266 373 1358 qnorum
400 1239 505 1347 duae,
536 1267 637 1334 altera
671 1265 869 1346 Simonidis,
903 1265 1004 1331 altera
1035 1266 1161 1355 Anytes
1190 1267 1343 1358 leguntur

233 1386 324 1476 apud
339 1384 508 1459 Pollucem
526 1388 555 1452 V
565 1382 588 1469 ,'
601 1391 657 1458 te.
680 1388 734 1454 καὶ
757 1387 822 1470 γὰρ
842 1389 860 1464 ἢ
883 1390 1045 1466 Τερεᾶτις
1066 1386 1184 1463 ’Andros
1203 1387 1341 1471 -noaptta

236 1505 326 1586 δίξκς
347 1507 574 1589 ἐμπέπληκεν,
598 1510 652 1592 ἐφ’
673 1507 707 1586 ἧς
730 1511 774 1590 τῷ
799 1505 895 1591 scitust
917 1507 1042 1592 φέρους’
1069 1507 1255 1594 ἐπέγραψεν
1278 1508 1343 1580 xri.

239 1651 273 1697 r.
297 1627 384 1719 tpp.
416 1629 479 1719 Iip.
502 1633 523 1696 9
547 1641 580 1696 et
604 1633 683 1698 341.
731 1627 878 1696 Addatur
909 1631 1078 1720 inscriptio
1108 1631 1142 1697 in
1172 1630 1354 1707 Weicieri

237 1748 364 1840 synog.
389 1771 421 1817 ο.
444 1752 520 1818 102.
546 1772 580 1839 p.
606 1752 682 1817 rar.
998 1724 1006 1738 “

329 1877 461 1952 χρῆμα
484 1868 525 1936 τὸ
548 1869 702 1944 Πανθείας
724 1870 826 1949 βαιιῖς
845 1871 933 1945 costr
956 1872 1027 1954 ίνρία
1048 1871 1149 1939 κεύθει

418 1992 536 2065 εὐνοίας
559 2000 693 2074 στοργῆς
713 1989 808 2065 eidam
830 1991 999 2071 ἀγλαΐαν,

330 2109 418 2194 scripu
439 2111 466 2176 δ’
488 2111 585 2194 ἁδρὸν
608 2111 733 2195 ίίίνρμα
755 2113 878 2178 πνίιῦσ’
897 2114 1018 2180 ἐλεεινὰ
1036 2112 1161 2197 δακρύει

418 2233 476 2308 τὴν
496 2234 651 2316 τροφίμιιν
670 2232 783 2316 Φιλίας
800 2241 933 2312 μνῆστιν
955 2232 1061 2317 ἔχους’
1079 2235 1208 2316 ἀτρεκῆ.

239 2354 277 2419 In
302 2373 366 2441 qua
385 2353 597 2443 inscriptione
627 2354 766 2443 eleganti
786 2355 942 2421 suavitate
966 2354 1096 2421 condita
1127 2353 1215 2421 haud
1245 2353 1358 2426 dubie

158 2463 164 2467 ’
239 2475 462 2563 coniungenda
501 2487 598 2547 sunt:
637 2476 707 2557 ἠρία
737 2476 835 2543 κεύθει
871 2476 1016 2556 ἀγλαΐαν
1047 2475 1164 2552 abaco,
1200 2476 1346 2558 εὐνοίας,

238 2605 398 2677 ostonde·
431 2597 641 2662 Accusatirus
668 2597 766 2685 igitur
786 2597 931 2675 ιίριλαίαν
959 2595 1066 2664 redire
1094 2597 1270 2665 censendus
1291 2597 1343 2665 iu·

239 2729 289 2782 ret
310 2713 349 2782 ad
370 2717 497 2782 initium
518 2724 630 2798 χρῆμα
649 2715 686 2782 τί
698 2767 708 2792 ,
735 2740 817 2805 quae
840 2718 937 2783 rerba
957 2740 1030 2783 sana
1054 2718 1119 2784 risa
1143 2731 1220 2785 sunt
1247 2717 1336 2785 wet-

239 2839 348 2905 ciero.
396 2836 459 2904 Sed
488 2839 534 2902 ita
558 2839 798 2905 constructione
827 2841 998 2907 verborum
1022 2840 1190 2907 durissima
1213 2839 1332 2907 locutus

239 2972 320 3026 esset
344 2972 463 3048 pocta,
490 2980 590 3047 quare
616 2968 729 3041 χρῆμα
751 2959 789 3025 τί
807 2975 998 3050 corruptum
1025 2957 1175 3039 videtur,
1200 2975 1232 3028 at
1253 2961 1327 3030 idem

241 3083 303 3161 nisi
330 3081 428 3169 ipsius
450 3078 565 3169 lapidis
594 3082 785 3146 auctoritate
812 3082 864 3149 vir
886 3082 1029 3147 sanabile
1056 3082 1176 3151 dicam.

285 3201 374 3267 Inter
393 3212 504 3291 poetas
526 3222 663 3289 quorum
682 3202 823 3267 carmina
848 3203 880 3267 in
905 3191 1136 3291 sinthoiogiam
1161 3225 1249 3270 suam
1269 3202 1333 3268 coi·

237 3323 318 3412 legit
352 3323 536 3413 Meleager,
571 3323 712 3413 optimus
744 3321 828 3387 haud
862 3323 962 3390 dubie
992 3338 1040 3391 est
1068 3325 1252 3392 Simonides
1279 3325 1329 3414 qui

237 3466 366 3510 omnem
395 3443 617 3532 inscriptionis
645 3444 780 3509 formam
813 3468 831 3509 a
861 3445 996 3511 rudibus
1027 3448 1206 3536 proiectam
1236 3445 1331 3513 initiis

237 3566 271 3630 in
295 3586 437 3629 summae
456 3565 531 3629 artis
550 3563 768 3629 moderamina
789 3565 893 3655 coegit
913 3577 944 3632 et
966 3566 1172 3634 dulcedinem
1198 3579 1333 3634 sectatur

238 3689 272 3753 in
293 3699 481 3776 argumento
505 3686 619 3774 grandi
647 3685 742 3751 rerba
773 3687 842 3777 ipsa
869 3689 1033 3776 ingeniosa
1064 3690 1097 3754 in
1122 3688 1254 3756 brevem
1278 3712 1336 3779 gp.
1360 3712 1390 3737 ι

237 3831 308 3874 rum
331 3811 510 3886 contraxit,
536 3807 633 3872 serbo
654 3808 847 3890 ἐπίγραμμα
870 3809 998 3891 πρίνινον
1014 3811 1046 3883 ἐς
1066 3808 1198 3891 χρύσεον
1220 3817 1337 3893 σχῆμα
1353 3815 1390 3861 ³

233 3928 464 4011 μεθηρμόσατο,
509 3930 599 3995 inter
623 3927 813 4019 posteriores
838 3926 968 4019 optimis
986 3930 1219 3998 annumerandi
1243 3950 1390 4029 prae-²

238 4062 286 4115 ter
307 4051 408 4138 ipsum
438 4050 634 4140 Meleagrum
661 4049 819 4116 Leonidas
848 4050 1040 4117 Tarentinus
1064 4067 1095 4118 et
1119 4050 1390 4123 Callimachuff

236 4170 439 4259 Cyrenaeus,
466 4194 544 4260 quos
563 4173 626 4237 iam
652 4172 792 4260 ipsorum
819 4183 961 4239 veterum
993 4173 1115 4240 iudicio
1145 4177 1286 4266 optimos
1306 4180 1390 4244 irC

236 4289 295 4356 hac
317 4291 595 4380 literarumparte
617 4290 743 4357 habitos
764 4315 828 4360 csse
855 4297 1026 4386 scriptores
1050 4296 1205 4366 ridemus.
1255 4299 1352 4368 Leo-
