2784 5174
528 388 707 451 ..51-

62 585 100 639 et
112 568 303 639 aristoteles
323 569 540 654 Potinvl11,.
557 580 587 641 5.
613 575 702 651 δῆλον
724 573 776 640 θινὶ
794 579 852 641 τῶν
865 573 1032 656 Ὀλύμπου
1043 583 1167 657 μελῶν·

60 695 173 759 τοῦτον
200 689 263 773 γὰρ
286 690 538 772 ὁμολογουμένως
561 701 646 760 ποιεῖ
668 694 728 769 τὰς
751 694 865 776 ψυχὰς
895 694 1167 772 ἐνθουσιαστικάς,

64 824 180 904 putem
210 823 315 879 tamen
338 810 472 904 Olympi
495 813 605 881 modos
633 816 771 882 musicos
794 817 893 907 magis
922 817 1019 884 fuisse
1050 816 1169 908 rhyth-

67 934 154 1001 mica
174 932 270 1001 rerba
295 956 390 1025 quam
421 937 576 1005 cormino.
624 936 673 1002 ltn
696 936 927 1025 Aristophanes
954 940 1041 1028 lqu.
1067 960 1113 1009 rs.
1133 941 1168 1008 8·

517 1058 600 1142 δεῦρο
620 1063 672 1125 νῦν
695 1058 833 1143 πρθςελθ
856 1056 906 1126 ίνοι

155 1174 310 1262 ξυνοουλίοι
332 1178 519 1259 κλαύσωμεν
542 1180 717 1260 Οὐλύμπου
737 1179 849 1260 νθμον,

67 1318 166 1387 quem
186 1297 418 1367 Demosthenes
439 1315 472 1368 et
494 1299 657 1441 Nicias„
622 1314 665 1366 rto
686 1302 885 1368 concinunt.

67 1548 101 1605 et
130 1537 244 1607 Semus
273 1540 384 1608 Delius
410 1541 496 1632 opud
529 1540 650 1612 Athen.
674 1538 771 1622 XIV,
796 1541 928 1610 618Α.
958 1539 1167 1622 ἀγνοουμένης

66 1659 100 1725 δὲ
123 1660 211 1743 ποορθι
232 1670 362 1738 πολλοῖς
390 1672 446 1741 τῆς
468 1661 639 1740 ξυνοιυλίοις
670 1662 820 1730 λεκτέον·
845 1661 879 1740 ἦν
902 1685 950 1736 τις
977 1663 1064 1742 eyes
1087 1688 1168 1743 συμ-

64 1781 187 1863 <perlae
206 1782 374 1863 οίμοιβοιῒος
394 1786 493 1851 οιθλοῦ
513 1785 566 1850 scel
590 1785 702 1867 ῥυθμοῦ
721 1782 817 1865 χωρίς
840 1781 936 1861 λόγου
958 1787 1013 1849 τοῦ
1037 1804 1168 1865 προςμε·

63 1897 243 1984 λςιδοῦντος.
290 1904 395 1994 Ipsius
426 1905 525 1996 igitur
555 1905 702 1972 vocabuli
727 1904 858 1986 ἕλεγος,
889 1904 982 1970 cuius
1011 1903 1167 1993 originem
1243 1954 1246 1960 ,

64 2043 106 2089 ea
133 2022 237 2114 Lydis
266 2025 420 2116 repetivit
454 2024 637 2094 Roeclrhins
651 2076 661 2108 ,
691 2025 780 2092 nulla
812 2036 917 2116 potest
949 2046 1023 2092 cum
1058 2024 1168 2114 eliqua

61 2142 306 2233 probabilitatis
329 2146 436 2238 specie
463 2147 647 2236 investigari
665 2146 881 2235 etymologia,
906 2146 1002 2236 plane
1020 2159 1057 2212 ot
1075 2145 1167 2212 simi·

61 2263 149 2329 lium
167 2261 305 2344 ίοιμβος,
330 2267 500 2348 θρίαμβος,
526 2266 726 2350 διθύραμβος.
775 2265 838 2334 Sed
860 2266 1092 2360 Grammaticos
1109 2265 1167 2354 qni
1197 2343 1198 2346 Ἴ

59 2382 157 2474 apud
175 2398 286 2475 poetes
304 2386 430 2454 Atticos
453 2401 485 2454 et
508 2389 681 2478 scriptores
703 2387 744 2453 de
762 2387 902 2453 Historia
921 2388 1063 2452 musicas
1079 2384 1167 2452 loces

56 2508 275 2586 invenerant,
295 2507 351 2574 ubi
369 2505 478 2588 ἔλεγος
498 2509 538 2575 de
557 2521 653 2574 contu
671 2506 774 2572 flebili
784 2504 950 2570 dicebatur
970 2517 1003 2570 et
1014 2503 1165 2595 lugubri,

57 2623 207 2693 eundem
231 2648 370 2694 errorem
395 2651 514 2695 errasse
542 2639 623 2718 puto
655 2649 751 2717 qoem
778 2614 971 2692 scholiastes
1000 2623 1167 2714 Apollonii

57 2745 104 2813 ad
127 2745 164 2813 ll
175 2793 187 2827 ,
212 2748 290 2819 872.
336 2746 386 2818 Ad
408 2761 522 2839 postne
540 2749 627 2815 enim
648 2746 764 2813 verba:
788 2741 985 2818 lerinensis
1003 2746 1167 2821 οἰκτίστοις

58 2866 220 2946 ἐλέγοισιν
238 2867 377 2951 θθθρετοιι
396 2868 477 2946 ἐξέτι
496 2871 614 2943 κείνου,
641 2879 829 2935 annotatum
852 2865 998 2933 invenio:
1020 2873 1084 2940 τοῖς
1102 2865 1167 2951 γὰρ

57 2987 215 3068 ἐλεγείοις
244 2988 277 3053 ἐν
299 2996 364 3063 τοῖς
387 2989 567 3073 ἐπιταφίοις
598 2990 734 3070 ἐχρῶντο
754 2989 780 3053 οἱ
801 2987 943 3052 ποιλοιιοί.
992 2986 1168 3077 Apollonio

58 3118 140 3175 sunt
167 3104 273 3186 ἔλεγοι
295 3106 443 3198 planctus
464 3131 561 3199 quem
591 3115 712 3190 Βῶρμον
739 3108 820 3173 dirit
852 3105 1036 3195 Nymphis,
1061 3105 1166 3174 Scho-

63 3229 180 3295 licstae
206 3227 339 3307 ἐλεγεῖον
369 3230 511 3296 carmina
541 3228 706 3318 elegiaca,
732 3248 814 3317 quoe
844 3224 1000 3292 deflendis
1031 3226 1166 3293 mortuis

63 3349 246 3440 antiquitus
280 3349 378 3417 scribi
407 3349 509 3417 solere
541 3349 626 3417 male
650 3373 688 3417 er
726 3346 894 3438 Apollonii
925 3346 997 3413 loco
1030 3346 1164 3416 effinxit.

63 3471 180 3563 Neque
202 3472 289 3538 enim
322 3482 433 3560 potem
465 3468 667 3538 Scholiasten
692 3469 912 3537 doctissimum
942 3467 1167 3558 inscriptiones

64 3591 261 3682 sepulcrales
274 3591 454 3659 intellectas
465 3592 601 3658 voluisse
613 3604 645 3658 et
658 3592 853 3680 significasse
865 3590 995 3657 nomine
1003 3588 1164 3669 ἐλεγείοις.

65 3709 183 3779 blosius
204 3711 351 3803 lugubris
374 3724 485 3779 contus
505 3711 543 3778 od
568 3710 733 3779 tibicinem
761 3712 825 3778 sire
850 3732 983 3801 peregre
1013 3709 1166 3776 advectus

59 3833 131 3900 sire
154 3833 352 3902 Graecorum
371 3833 601 3929 ¹indigenarum
621 3855 709 3899 more
733 3833 869 3897 usitatus
887 3829 993 3895 dictus
1013 3828 1077 3894 fnit
1096 3825 1165 3895 ἕλε-

56 3979 132 4034 yos·
183 3956 229 4022 Er
258 3979 323 4047 quo
350 3968 466 4025 utrum·
485 3957 614 4023 fluxerit
637 3956 775 4033 ἐλεγεῖον
799 3954 983 4029 incertnm;
1008 3948 1070 4016 hoc
1094 3972 1166 4017 cer·

56 4087 154 4157 tum,
180 4076 314 4143 carmini
336 4077 497 4167 elegiaco,
523 4099 561 4143 er
587 4099 652 4166 quo
671 4088 743 4165 post
763 4073 853 4165 spica
874 4084 907 4141 et
935 4070 1066 4140 heroice
1094 4094 1167 4137 csr·

54 4197 149 4264 rnina
169 4220 229 4288 per
249 4221 283 4263 se
304 4199 472 4277 constitit,
498 4199 670 4264 marimum
691 4219 764 4263 cnm
786 4195 879 4286 spico
900 4195 1042 4261 carmine
1068 4193 1165 4258 luisse

53 4320 252 4389 affinitatem
285 4321 490 4411 argumenti,
528 4320 585 4385 nisi
620 4318 704 4407 qnod
739 4319 844 4385 omnio
876 4341 912 4385 er
945 4339 998 4384 sua
1031 4337 1165 4407 persons
