2784 5174
522 395 726 459 -129-

110 584 323 675 Epigramma
353 594 459 648 autem
492 581 689 670 Cyzicenum
720 582 868 670 Gregorii
901 582 1045 671 Magistri
1075 604 1172 674 opera

57 704 268 796 descriptum
286 726 305 770 a
327 701 539 771 Constantino
561 703 689 769 demum
722 701 864 792 Cephala
888 702 1102 795 Anthologiae
1122 705 1171 771 in-

56 840 190 895 scrtum
217 840 310 918 puto.
366 825 412 892 lle
442 849 507 915 quo
539 825 674 890 inlerius
707 824 835 901 dicam3
872 824 934 889 hoc
962 825 1033 891 loco
1065 827 1170 916 ipsum

7 1004 9 1009 .
48 972 222 1026 carmen,
248 946 488 1039 opportunitate
513 946 607 1024 data,
633 947 816 1034 corrigam:

149 1070 305 1152 ''Adpnoov
328 1066 466 1150 Χαρίτων
488 1068 547 1133 dard
570 1065 710 1134 παστοίδι
730 1068 804 1152 τῇδε
827 1071 960 1150 τριήρους

249 1189 391 1263 στολίδος
413 1192 473 1262 τῖον
496 1191 620 1269 πρώτας
643 1190 725 1255 τοῦθ’
750 1188 927 1269 ὑπόδειγμα
950 1189 1088 1271 τέχνας·

156 1312 281 1381 ταύταν
301 1312 366 1393 γὰρ
388 1313 513 1393 πρώταν
532 1312 602 1376 ποτ’
624 1311 765 1389 ἐμήσατο
788 1312 925 1385 Παλλὰς
948 1312 1058 1388 Ἀθήνη

248 1430 342 1501 τοίνδε
361 1430 451 1497 πόλει
475 1430 601 1497 στοίλαν
620 1430 816 1498 ἀναδιδοῦσα
838 1430 953 1515 χοίριν·

157 1553 312 1621 Τούνεκεν
334 1552 454 1636 ὑψίστου
477 1551 637 1634 Τριτωνίδι
660 1554 728 1627 νυὸν
752 1550 876 1630 ἔτευξεν

249 1672 378 1756 Κύζικος
401 1669 451 1739 ίίδ’
471 1675 522 1757 ίρρῖ
543 1678 658 1754 πρῶτον
682 1673 713 1737 ἕν
733 1674 879 1740 Ἀοιοίδι·

161 1797 267 1876 δεῖγμ’
289 1792 313 1861 ἃ
335 1794 389 1862 καί
409 1795 541 1862 πλίνθων
561 1797 760 1876 χρυσήλατον
781 1797 904 1876 ἤραρεν
924 1795 1022 1877 οίχίος

249 1916 400 2001 Δελφίδα
422 1919 505 1995 yar,
532 1917 633 1998 Φοίβῳ
656 1914 749 1982 τοίνδε
773 1915 908 1996 νέμοντα
930 1915 1035 1997 χοίριν.

55 2040 126 2108 -Vs,
147 2043 168 2105 7
192 2050 225 2104 et
250 2041 283 2107 8.
315 2040 453 2104 nunc-in
477 2050 598 2103 tentum
620 2039 728 2127 recepi
745 2037 983 2105 emendationes
1002 2059 1080 2127 quas
1104 2041 1172 2128 pri-

58 2162 145 2229 dem
166 2160 331 2251 proposui.
379 2157 509 2225 Goder:
545 2159 665 2238 δεῖγμα
692 2161 762 2237 καί,
795 2182 891 2250 quem
925 2157 1112 2226 trochaeum
1138 2159 1170 2224 in

10 2334 13 2379 1
61 2282 177 2375 primo
203 2280 286 2371 pede
311 2279 436 2347 sustuli.
484 2280 649 2346 lacobsius
675 2281 799 2349 infelici
830 2295 969 2349 conatur
992 2279 1113 2361 δεῖνμοί
1134 2306 1171 2347 τε

62 2404 137 2475 sat.
186 2399 237 2471 dd
259 2400 392 2469 πλίνθον
419 2399 530 2466 νοτίου
559 2394 727 2467 Bianoreni
752 2402 793 2467 l.
814 2403 852 2471 Ρ.
872 2401 947 2479 lx,·
970 2405 1047 2468 423.
1073 2408 1106 2468 3.
1137 2399 1178 2468 αί

64 2526 175 2609 χρυσῷ
190 2524 229 2593 τὸ
246 2523 384 2590 παλαιὸν
407 2523 633 2588 ε’πλινίιίοοιοίε
656 2523 818 2605 plastes.
865 2523 920 2590 Vs.
942 2528 975 2592 8.
1005 2522 1171 2611 vulgatum

66 2662 138 2719 eat:
170 2642 260 2713 τάνδ’
286 2646 438 2710 ε’νεποῦοα
462 2643 578 2726 χοίρου,
614 2667 710 2732 quam
747 2642 922 2710 dictionem
954 2645 1108 2710 Graecam
1139 2658 1172 2711 at

68 2782 178 2860 aptam
202 2788 270 2835 τιον
289 2764 432 2855 negabo,
457 2764 559 2831 donec
580 2778 666 2833 certa
689 2765 756 2853 eius
774 2765 917 2857 exempla
936 2767 1168 2856 proferantur3

66 2894 165 2961 ctiam
196 2890 315 2955 aoristo
344 2910 493 2978 praesens
523 2885 782 2953 substituendum
804 2900 863 2957 est.
911 2890 954 2954 Et
975 2888 1088 2955 literae
1111 2911 1173 2954 un·

62 3013 165 3083 cialos
185 3020 220 3081 u
233 3022 267 3078 et
283 3018 320 3075 M
337 3008 456 3074 centies
475 3008 637 3075 confusae.
687 3007 784 3075 Plane
803 3009 966 3098 geminum
987 3023 1058 3089 est,
1083 3008 1171 3100 quod

56 3135 188 3227 legitur
209 3131 243 3199 in
265 3130 494 3221 epigrammate
513 3127 784 3195 Halicarnassensi
805 3128 843 3197 (J.
864 3129 894 3197 Ι.
917 3150 946 3194 c.
970 3132 1071 3197 2661.
1095 3152 1124 3198 a.

157 3251 282 3328 Νίσσος
301 3248 493 3335 Μυρμιδόνος
514 3250 625 3332 κούροιν
647 3251 721 3325 Διὸς
745 3247 853 3315 ἄνθετο
875 3249 979 3317 παῖδα

248 3374 402 3456 Ἄρτεμιν
420 3369 542 3452 εύίλβιρ
564 3369 641 3453 τῷδε
665 3369 752 3453 παροδ
771 3369 919 3454 προπύλῳ

158 3494 266 3581 Φοίβῳ
288 3498 414 3573 Ἀγυιεῖ
434 3490 528 3558 τοίνδε
551 3490 649 3571 νίροων
671 3491 776 3575 χοίριν.

47 3616 226 3711 Cyziceni
242 3614 343 3706 igitur
366 3611 462 3680 huius
483 3612 609 3679 donarii
631 3612 768 3701 effigiem
791 3635 919 3678 auream
942 3611 1084 3704 Delphos
1107 3614 1173 3680 mi·

44 3750 181 3813 nerunt
204 3737 237 3803 in
259 3733 382 3826 templo
402 3733 562 3823 Apollinis
581 3730 803 3801 dedicandam.
851 3733 914 3799 Sed
936 3731 1089 3822 quidnam
1110 3732 1174 3798 lroc

44 3858 244 3931 donarium
274 3853 459 3923 habendum
484 3854 548 3927 sit,
574 3851 613 3918 de
641 3876 679 3917 eo
704 3851 924 3918 dissentientes
954 3852 1041 3919 rides
1073 3853 1174 3918 inter·

46 3995 192 4079 protes.
239 3978 454 4044 Buttmannus
478 3976 564 4041 enim
585 3974 686 4055 τριήρη
708 3971 844 4039 οταλίδοο
864 3970 1100 4040 emendandum
1121 3997 1174 4041 ra-

51 4120 166 4175 tusc
143 4095 355 4169 columellam
386 4095 575 4186 triplicem,
601 4093 786 4161 Gratiarum
811 4094 944 4158 lortassc
966 4094 1171 4182 symbolum,

14 4223 183 4330 {qualia
220 4218 339 4287 δίκανα
379 4216 510 4284 luerunt
542 4215 713 4281 Dioscorus
748 4213 959 4303 significantia
1001 4216 1172 4284 intellexit.

57 4346 171 4415 Cuius
191 4341 386 4411 sententiam
408 4340 505 4406 latius
529 4306 684 4427 eiplicait
707 4334 906 4413 Boeclrhids‚
934 4338 990 4427 qui
1016 4338 1108 4405 utilio
1134 4337 1175 4402 do

925 4458 947 4522 a
