2784 5174
613 354 792 419 ..25..

156 544 207 613 lta
239 540 377 610 Alcaeus
408 541 581 610 Messenius
611 539 731 609 dicitur
762 541 777 607 ὅ
807 545 865 608 τῶν
888 538 1024 624 λοιδορων
1048 541 1173 623 ἰάμβων
1196 543 1249 612 aul

155 660 410 748 ἐπιγραμμάτων
432 665 559 743 ποιητής
584 663 723 732 Eusebio
745 663 859 753 Praep.
896 665 955 734 Er.
978 662 1007 730 X
1019 711 1028 744 ‚
1054 669 1088 735 2.
1136 665 1250 755 Neque

152 796 267 876 putem
299 784 495 874 Polybium,
527 785 584 876 qui
614 784 753 853 eundern
780 784 934 852 Alcaeum
963 783 1119 864 ἐπιδεξίως
1145 788 1248 854 σιώπ-

152 929 251 974 πονποι
273 904 326 972 ιιοιὶ
347 902 599 988 διαχλευάζοντιι
625 903 707 972 dixit
726 903 878 998 xxxn,
904 907 937 975 6.
960 910 994 976 5.
1017 904 1168 973 adverbio
1191 907 1249 974 ad·

152 1025 224 1094 dito
253 1027 410 1093 indicasse
431 1037 559 1117 poetam
582 1026 741 1093 liberrimi
771 1026 835 1092 oris
856 1016 1112 1094 maledicentiam
1139 1030 1264 1095 consi*

150 1146 327 1239 'ciendique
366 1147 531 1216 licentiam
570 1148 753 1217 lenioribus
788 1147 911 1215 facetiis
945 1161 1161 1239 temperasse,
1194 1149 1250 1217 sed

152 1289 228 1336 eum
249 1266 376 1358 lepidae
404 1268 598 1360 lestirneque
625 1268 802 1337 dicacitatis
832 1268 927 1336 laude
949 1270 1048 1358 magis
1078 1268 1248 1337 coniuncta

152 1399 203 1458 est
222 1386 412 1468 ἕπιδεξιδτης
432 1411 528 1480 quam
555 1388 640 1457 idenr
661 1388 813 1478 Polybius
835 1387 955 1472 Samo,
979 1389 1098 1457 Alcaeo
1123 1389 1250 1481 aequali

152 1522 187 1580 et
206 1522 320 1602 poetae
339 1510 605 1600 epigrammatum
628 1508 744 1576 tribuit
761 1510 810 1588 V,
835 1513 868 1578 9.
893 1513 926 1579 4.
972 1508 1060 1577 llaec
1079 1532 1156 1578 rere
1176 1509 1247 1578 lon·

105 1672 112 1680 ·
153 1653 195 1721 pe
209 1629 332 1702 diuersa
357 1652 375 1696 e
396 1629 586 1698 dexteritate
604 1628 802 1709 Simonidis,
827 1652 923 1721 quam
948 1629 1057 1698 laudat
1077 1631 1248 1699 Pausanias

154 1745 222 1829 Vl,
244 1737 281 1823 9.
303 1755 337 1820 3.
368 1748 467 1833 τούτῳ
488 1743 542 1833 cri
556 1749 667 1817 Φίλωνι
688 1751 859 1832 Σιμωνίδης
882 1751 898 1817 ὅ
919 1749 1124 1834 Λεωπρέπους
1146 1750 1248 1832 δεξιώ-

150 1892 248 1939 τοιιον
267 1871 459 1956 ε’πίηροιμμοι
478 1871 640 1948 ἕποιἠπεν·
668 1891 669 1895 ’

242 1991 361 2076 Ποιτρδς
379 1992 438 2072 μὲν
456 1989 614 2077 Κόρκωροι,
639 1991 740 2060 Φίλων
756 1992 783 2060 δ’
799 1991 902 2074 ὄνομ’·
925 1994 989 2076 εἰμὶ
1009 1993 1041 2060 δὲ
1060 1994 1204 2061 racemo

330 2111 394 2188 οἱδς
412 2112 465 2180 aul
489 2118 559 2180 νιιιῶ
579 2111 644 2191 reb}
662 2112 709 2180 δύ’
728 2111 963 2195 Ὀλυμπιάδας.
1084 2163 1096 2171 „

149 2231 269 2301 neruo
290 2234 376 2302 enim
408 2245 503 2325 poeta
529 2232 668 2303 disticho
698 2232 838 2325 elegiaco
867 2234 973 2301 omnia
998 2235 1182 2326 complexus
1201 2248 1249 2303 est

150 2372 235 2445 quae
256 2354 289 2421 in
308 2354 519 2445 inscriptione
541 2365 664 2421 statuae
684 2351 888 2421 memoranda
910 2367 1014 2424 arent.
1058 2354 1172 2444 Neque
1195 2329 1248 2420 ul·

148 2473 219 2544 lum
250 2474 336 2567 apud
364 2473 561 2563 antiquiores
585 2474 693 2541 inveni
712 2474 895 2564 exemplum
927 2475 994 2541 eius
1024 2476 1147 2563 generis
1177 2475 1246 2566 cpi·

144 2601 362 2688 'grammatum
383 2595 524 2685 quae'ab
545 2593 732 2684 aequalibus
760 2593 1011 2661 Atheniensibus
1041 2594 1160 2684 scripta
1181 2617 1248 2666 esse
1312 2630 1315 2636 ·

148 2715 249 2784 tradit
279 2712 469 2784 Plutarchus
500 2705 682 2782 Demosthi'·
699 2735 730 2782 e.
754 2718 809 2783 31.
838 2716 879 2789 ὦς
906 2714 967 2781 δ’ὁ
993 2711 1147 2798 ἅνθρωπος
1166 2716 1245 2783 ἕποι-

146 2837 260 2904 araldo
289 2836 397 2918 ἀνεῦρε
428 2836 481 2902 aot
513 2833 628 2911 διεδόθη
658 2833 754 2915 λόγος
778 2834 853 2916 ὑπὲρ
882 2833 1011 2909 τούτου,
1047 2834 1157 2902 πολλοὶ
1187 2842 1246 2903 τῶν

142 2960 289 3044 εὐφυῶν,
314 2955 455 3025 ὑπόθεσιν
480 2953 656 3036 λοιβάντες,
682 2956 726 3031 eir
750 2954 785 3022 τὸ
807 2953 1030 3039 ἀδωροδόκητον
1059 2959 1114 3023 τοῦ
1127 2965 1244 3038 ’Δημο

141 3079 269 3156 σθένους
290 3077 495 3160 διημιλλῶντο
518 3083 582 3152 τοῖς
604 3073 855 3160 ἕπινροέιιμιιοιν.
906 3077 1007 3163 Quem
1036 3075 1143 3142 locum
1165 3076 1246 3144 mihi

142 3201 339 3271 monstrarit
368 3198 521 3268 Cobetus.
572 3199 664 3268 Unde
684 3200 723 3265 in'
744 3197 820 3265 libri
849 3196 1064 3287 Antholopiae
1083 3197 1245 3265 undecimi

140 3335 242 3416 parte
257 3321 355 3388 altera
372 3321 560 3412 paucissima
582 3332 706 3388 tantum
733 3331 907 3387 occurrunt
925 3319 1143 3408 antiquiorum
1167 3341 1246 3410 poe·

144 3413 255 3511 tarum
274 3444 525 3534 epigrammata,
551 3463 633 3533 quae
653 3442 758 3509 omnia
780 3440 847 3506 fere
869 3462 886 3505 a
906 3439 1139 3506 recentioribus
1163 3442 1244 3507 scri·

147 3574 209 3652 pta
235 3563 397 3642 invenias,
425 3575 459 3628 nt
486 3563 680 3643 Ammiano,
706 3560 890 3640 Nicarcho,
911 3558 1060 3640 Lucilio,
1086 3561 1245 3632 Pollinno.

146 3681 202 3748 Er
235 3705 371 3772 quorum
404 3669 496 3750 libris
535 3682 730 3772 florilegium
768 3683 973 3749 concinnasse
1010 3680 1243 3771 Diogeniannm

143 3800 304 3871 Heraclea
336 3805 469 3873 Pontica
504 3801 697 3879 oriundum,
734 3824 831 3892 quem
861 3800 1022 3869 Hadriano
1051 3802 1245 3890 imperatore

141 3921 261 3990 vixisse
292 3938 323 3992 et
351 3920 625 4008 Ἐπιηροιμμοὲτων
657 3920 851 4001 'Aaronem
884 3918 1020 3987 edidisse
1051 3930 1175 3985 constat
1206 3943 1243 3986 er

143 4041 249 4112 Suide
269 4045 303 4111 in
322 4068 353 4114 r.
373 4042 606 4127 Διογενειωνός,
629 4043 761 4132 eiusque
779 4041 1071 4131 Ilclectuspartem
1085 4040 1117 4107 in
1130 4062 1243 4109 noram

145 4161 415 4257 Anth‘ologiama
441 4164 649 4235 Constantino
672 4163 814 4255 cephala
836 4176 997 4256 receptum
1018 4183 1083 4231 esse
1105 4163 1243 4230 coniecit

144 4285 202 4354 ur.
227 4286 391 4354 Passurins
408 4286 529 4377 Script.
555 4287 653 4354 alise„
672 4311 706 4378 p.
728 4288 914 4354 196-223.
954 4286 1040 4371 Quae
1062 4285 1243 4351 coniectura
