2784 5174
596 313 801 375 -169—

246 500 279 567 ιιί
299 497 331 564 δὲ
351 497 607 579 epitameron
628 497 807 576 ἐνκοιτοίδες
830 499 990 581 οίιιριόρειονι

117 792 119 797 -
173 738 286 809 Ιίοίιοο
319 742 502 832 poemation
537 741 640 808 edidit
670 741 858 821 laeobsius,
894 766 911 807 a
941 763 1006 832 quo
1037 741 1184 833 pluribus
1213 740 1253 806 de

174 863 260 929 erosis
275 859 356 928 mihi
377 861 627 929 dissentiendum
659 877 718 928 est.
769 863 838 928 Hoo
862 884 959 928 unum
978 860 1180 951 probandum
1204 863 1252 927 ri·

176 978 272 1063 detor,
305 984 390 1074 quod
416 985 555 1051 coniecit
581 1008 627 1050 vs.
649 988 681 1054 2.
712 982 917 1049 scribendum
946 1005 1014 1051 osso
1041 981 1250 1065 βαρυνόμενοι.

177 1100 261 1171 Verbo
294 1107 379 1171 enim
412 1107 456 1171 ite
492 1104 572 1171 mihi
609 1105 757 1171 sidentur
792 1103 975 1194 iungenda:
1012 1110 1094 1170 νῶτον
1126 1103 1248 1187 ἠπείρου

175 1222 352 1307 βαρυνόμενοι
375 1229 466 1310 θηρῶν
482 1224 594 1293 ἕίνοοιν
615 1225 716 1293 οὐκέτι
735 1226 942 1292 ἐτιττοιεῖοόο
960 1228 1092 1309 siponeis
1109 1223 1251 1292 λεόντων.

177 1341 240 1411 iore
266 1359 374 1413 autom
403 1346 486 1414 dixit
517 1330 769 1415 Airionedorsn
792 1347 940 1414 leonibus
970 1346 1060 1424 fetis,
1093 1361 1128 1412 ut
1149 1347 1251 1434 Libyn

171 1465 333 1551 ίιιροτρόφος
361 1465 602 1556 tp.tth,1v‚
630 1472 728 1536 1561.
754 1491 838 1557 quae
861 1469 1054 1539 Graecorum
1080 1467 1251 1556 proverbio

167 1588 257 1655 ιιωινίν
285 1586 338 1654 ἀεί
367 1611 397 1653 τι
426 1588 521 1669 ίιιρίοι
552 1587 663 1655 τίκτει.
719 1590 773 1657 Vs.
795 1595 827 1656 3.
864 1589 962 1655 codex
996 1586 1048 1654 ἐτί
1076 1587 1250 1663 ττόοεοίε,
1369 1654 1382 1666 ,

165 1708 243 1809 qood
263 1707 442 1775 Meinokios
463 1730 497 1798 p.
508 1710 587 1777 237.
612 1711 644 1774 in
665 1709 868 1792 ἐτιττόρεοίε
890 1710 1044 1789 mutarit,
1071 1721 1138 1775 toto
1160 1730 1252 1776 vorsu

159 1829 202 1895 ito
220 1829 360 1920 scripto:
386 1832 462 1912 ἦκοῒ
481 1828 659 1912 ἔρνμοιίοιιοι
679 1832 709 1895 τ’
728 1829 932 1913 ἕτιττόρεοίε
951 1828 1082 1897 λεόντων
1098 1832 1249 1912 siponeis,

154 1949 361 2042 improbante
382 1950 580 2018 Hermanno.
627 1951 777 2017 Proximo
798 1950 836 2016 nd
860 1949 980 2016 codicis
1002 1950 1171 2016 lectionem
1198 1973 1252 2016 ae·

149 2069 269 2139 oedero
288 2067 415 2137 ridetur
434 2071 665 2147 ἑτιττοιείτ-ίε,
691 2084 815 2137 coetera
834 2095 907 2138 roro
929 2094 1011 2161 quae
1032 2073 1065 2137 in
1090 2071 1253 2138 membro·

144 2193 263 2260 uisite
284 2192 402 2281 scripta
424 2203 570 2260 exstante
595 2193 668 2273 ἦχοι
687 2193 900 2273 ἕρνμοιίοιιοιν,
926 2192 1003 2258 oiim
1026 2194 1059 2260 in
1080 2191 1167 2259 huno
1182 2214 1252 2260 mo-

147 2314 230 2381 dum
252 2312 336 2380 teon
360 2312 456 2381 fuisse
476 2326 628 2380 autumo:

245 2437 341 2517 Ἠχοῖ
360 2433 495 2520 ἔρημοιίοι
518 2438 780 2502 οννετιττοιεῖοόε
804 2437 935 2502 λεόντων

333 2559 467 2640 ὠρννοιίι
489 2555 657 2639 ψωμοίίονς
678 2556 772 2640 όιχριο
796 2557 870 2640 ὑπὲρ
894 2556 1058 2637 Νομοίδων.

145 2677 219 2767 Ipsi
242 2675 359 2746 deserti
381 2677 497 2767 Libyci
520 2699 659 2743 recessus
676 2691 709 2744 ot
734 2677 823 2745 Eeho
841 2677 1002 2768 perterriti
1024 2676 1176 2743 dicuntur
1197 2701 1253 2745 ru·

118 2814 123 2821 '
145 2798 223 2891 gito
241 2797 392 2876 leonum3
420 2799 510 2866 Eeho
534 2811 640 2865 eutem
666 2799 775 2867 eedem
802 2800 925 2866 ratione
946 2797 1090 2888 nympha
1110 2798 1251 2866 solitarie

149 2918 276 2987 dieitur
297 2920 340 2985 eb
361 2918 480 2986 Archia
504 2918 606 2986 Anth.
630 2920 721 2989 Pion.
743 2925 800 2988 94.
826 2927 858 2987 5.

242 3041 378 3121 ποίμνιον
401 3038 614 3118 ἑξελοίοοιοίε·
639 3039 737 3106 τοίλιν
760 3040 920 3120 nuenton
943 3042 1048 3108 oisoo'ot

331 3164 423 3244 Ἠχὼ
444 3162 593 3245 {putearios
615 3162 789 3244 ε’ννοιέτειρω
812 3159 912 3237 νοίτως

152 3284 290 3351 Versum
309 3296 431 3351 sextum
460 3286 492 3350 in
523 3307 587 3375 quo
612 3284 674 3349 inm
703 3283 779 3350 oiim
802 3286 924 3349 eorroxi
946 3286 978 3349 ἐν
995 3286 1107 3359 domin,
1133 3288 1171 3348 ιἰι
1193 3306 1254 3350 ea·

151 3410 249 3483 veis,
279 3427 366 3471 nuno
396 3417 482 3471 oerta
519 3403 744 3470 emendatione
780 3404 861 3471 mihi
893 3402 1124 3495 redintegrasse
1152 3407 1254 3472 risus·

151 3550 247 3603 sum.
274 3527 417 3616 scripto:
525 3526 528 3531 ’

338 3647 460 3727 δέσμιον
480 3648 646 3729 οιίχμντίις
667 3657 788 3731 Κοιῖσωρ
807 3648 888 3724 ἔθηκ’
909 3651 941 3715 ἐν
960 3652 1063 3723 ότωῑς.

146 3771 202 3839 Ita
238 3768 326 3858 opud
357 3748 529 3858 Polybium
560 3770 679 3857 iegitur
699 3769 810 3846 XXV,
836 3771 870 3836 8.
896 3771 928 3834 7.
963 3769 1022 3834 τὸν·
1046 3768 1186 3849 Χοιίρωνοι
1209 3805 1253 3816 -

144 3890 281 3966 ε’ντοιήοε
302 3889 436 3969 δέσμιον.
484 3890 522 3956 Iu
542 3890 636 3978 oippo
659 3895 696 3953 ed
714 3886 847 3977 'pontem
868 3910 932 3977 quo
954 3888 1129 3954 durentius
1150 3887 1254 3954 arohi-

143 4027 262 4081 teetus
286 4012 430 4078 fluminis
454 4010 560 4101 Cydni
584 4034 681 4100 aquas
710 4013 853 4077 iunxerat
877 4011 982 4098 posito
1006 4010 1143 4076 incisum
1168 4011 1254 4101 iege·

142 4139 252 4202 betur
283 4155 431 4212 carmen,
467 4132 553 4222 quod
577 4146 648 4222 post
677 4133 754 4198 alios
785 4130 947 4198 Ioeobsius
973 4128 1073 4196 edidit
1103 4133 1135 4198 in
1168 4132 1251 4222 App.

139 4260 211 4348 Ep.
241 4259 321 4321 270.
