2784 5174
722 328 925 390 -160-

270 525 457 595 mortuum,
491 530 523 584 et
560 516 777 584 dulcissimum
811 519 1007 607 epigramma
1043 517 1235 584 amatorium
1272 519 1348 593 Μ’.
1378 587 1389 607 Ι,

274 639 465 718 x11‚1at.
1376 610 1388 623 ”

358 761 473 835 Ἕλκος
493 758 573 841 ἔχων
593 761 609 825 ὃ
631 758 727 836 ξεῖνος
752 757 939 826 ἕλάνίανεν·
961 763 1001 835 ὡς
1024 762 1145 843 άνιηρὸν

450 885 577 962 πνεῦμα
596 879 649 947 διά
669 881 802 956 στηίέων
821 878 902 958 εἶδες
924 880 1132 962 ἀνηγάγετο,

359 1002 394 1068 τὸ
413 1000 513 1086 τρίτον
533 1001 610 1079 ἡνίκ’
629 1001 737 1079 ἔπινε,
761 1002 806 1069 τά
825 992 857 1068 δὲ
876 1001 948 1087 ρὀῒα
966 1004 1235 1088 φυλλοβολεῦντα

448 1123 573 1207 τάνδρὸς
595 1125 654 1192 ἀπ’
673 1123 853 1205 ίστλίγγων
875 1123 971 1191 πάντ’
994 1124 1134 1204 ε’γίνοντο
1155 1126 1278 1208 χαμαί.

356 1244 498 1321 οίττηται
520 1244 609 1325 μέγα
632 1247 668 1324 δή
692 1268 742 1313 τι·
764 1247 815 1326 μά
837 1245 1009 1328 δαίμονας,
1032 1247 1088 1314 οὐκ
1109 1247 1176 1313 άπὸ
1195 1250 1304 1331 ρὐσμοῦ

447 1365 581 1448 εἰκάζω,
605 1367 705 1452 φωρὸς
728 1367 755 1433 δ’
778 1366 868 1450 ἴχνια
891 1369 959 1453 φὼρ
982 1365 1106 1449 ἔμαθον.

216 1560 224 1573 ,
266 1487 303 1554 ln
324 1508 389 1578 quo
420 1511 466 1557 vs.
490 1494 523 1556 4.
546 1489 655 1580 recepi
684 1489 903 1556 coniecturam
929 1488 1058 1558 ottonis
1090 1486 1339 1558 Schneideria’r'

264 1607 444 1689 δστλίγγων
465 1631 525 1700 pro
545 1632 611 1700 quo
634 1610 667 1675 in
693 1609 806 1677 codice
834 1610 951 1700 legitur
975 1611 1041 1678 άπὸ
1063 1609 1255 1693 στομάτων,
1278 1608 1342 1703 apud
1372 1654 1374 1659 ·

266 1731 465 1799 Athenaeum
498 1732 562 1797 άπὸ
596 1728 772 1817 στεφάνων.
827 1733 919 1819 Quod
952 1734 1021 1825 ipse
1060 1733 1138 1801 olim
1178 1735 1343 1802 restitutur

265 1850 376 1930 volui,
403 1851 488 1917 haud
513 1850 613 1918 dubie
643 1851 857 1920 reiiciendum
881 1864 951 1933 est,
976 1854 1031 1922 scd
1057 1856 1158 1922 mirer
1186 1853 1345 1923 Schneide-

264 1996 334 2040 rum
364 1972 426 2041 hoc
457 1972 603 2039 acerbius
633 1983 745 2041 notare
777 1972 949 2054 maluisse,
978 1997 1074 2065 quam
1108 1998 1192 2066 quac
1220 1975 1261 2044 dc
1290 1997 1344 2045 sart

262 2095 403 2162 lectione
434 2094 629 2161 restituenda
669 2117 714 2163 rs.
740 2097 759 2160 2
788 2110 820 2162 ct
850 2101 884 2163 3.
916 2118 1104 2163 monueram
1142 2119 1270 2167 assensu
1303 2117 1347 2163 suc

262 2216 472 2307 comprobare
494 2239 598 2307 neque
617 2230 781 2313 tamquam
802 2216 921 2284 indicta
937 2219 1211 2308 praetermittere.
1243 2219 1282 2287 In
1302 2240 1347 2285 atta

262 2361 377 2428 genere
406 2336 594 2405 admirabile
624 2351 670 2403 cst
702 2338 789 2404 eliud
819 2338 1014 2429 epigramma
1051 2339 1246 2430 inscriptum
1277 2360 1347 2406 cort·

261 2460 341 2528 chae
370 2484 387 2525 a
415 2458 530 2528 Selene
562 2458 682 2526 Veneri
712 2461 864 2548 Equestri
889 2457 1076 2540 dedicatae,
1112 2462 1146 2527 in
1172 2483 1241 2550 quo
1271 2459 1350 2527 locat

260 2583 463 2649 suavissimus
485 2592 517 2647 et
542 2580 750 2647 nitidissimus
773 2581 814 2648 de
834 2579 979 2660 neutile,
1012 2582 1068 2670 qui
1094 2583 1263 2674 cumipse
1288 2582 1350 2673 epi·

261 2714 436 2793 grammate
453 2701 507 2767 hic
526 2699 736 2791 apponendus
756 2713 804 2767 est
826 2715 858 2768 ct
880 2701 1108 2791 corrigenduss

349 2821 477 2905 Κίγρμς
500 2822 562 2901 ἐγὼ
586 2825 734 2906 Ζεφυρῖτι
758 2822 1012 2906 παλαίτερον·
1035 2823 1128 2891 άλλά
1150 2824 1191 2893 σὺ
1216 2829 1269 2895 νῦν
1287 2850 1327 2908 με

438 2943 537 3026 Κύπρι
558 2943 731 3020 Σεληναίης
749 2941 871 3024 σ’ίνίεμα
894 2952 1034 3028 πρῶτον
1056 2945 1144 3028 ἔχεις

348 3064 513 3133 ναυτίλον·
537 3060 569 3139 ὃς
585 3062 781 3143 πελάγεσσιν
802 3065 973 3143 ἐπέπλεον,
998 3067 1024 3132 εί
1047 3066 1106 3145 μὲν
1125 3068 1251 3146 άῆτοιι,

437 3185 540 3261 τείνας
563 3183 678 3253 οίιιείων
695 3192 814 3272 λαῖφος
836 3187 901 3253 άπὸ
923 3185 1095 3269 προπίνων,

346 3310 372 3377 εί
396 3309 427 3374 δὲ
450 3307 610 3388 γαληναίη
633 3309 749 3391 λιπαρίη
767 3308 851 3383 θεὸς,
876 3305 964 3383 οὖλος
988 3306 1117 3391 ἐρέσσων
1179 3372 1182 3377 .

436 3426 532 3493 ποσσί
549 3451 609 3503 νιν,
634 3425 721 3495 ὥστ’
745 3425 838 3512 ἔργῳ
861 3426 997 3510 τοῦνομα
1020 3427 1243 3514 συμφέρεται·

346 3550 381 3613 ἐκ
400 3549 426 3614 δ’
445 3545 555 3615 ἔπεσον
576 3547 664 3631 παρά
685 3550 768 3626 ίίνας
791 3550 963 3627 Ἰουλίδας,
987 3546 1069 3634 ίφρα
1091 3549 1241 3634 γένωμαι

434 3669 483 3737 σοί
504 3693 535 3735 τι
558 3669 763 3753 περίσκεπτον
785 3670 949 3750 παίγνιον,
970 3668 1135 3753 Ἀρσινόη,

342 3788 421 3871 μηδέ
443 3813 494 3869 μοι
515 3790 547 3857 ἐν
567 3788 743 3876 ίαλάμησιν
763 3789 804 3858 ἔθ’
822 3795 862 3866 ὥς
878 3790 994 3875 πάρος,
1018 3790 1082 3872 είμί
1107 3791 1174 3876 γάρ
1195 3792 1316 3874 άπνους

431 3911 578 3989 τίκτηται
599 3921 747 3996 νοτερῆς
771 3913 840 3979 ὤεον
860 3911 1023 3989 άλκυίνης.
1046 3980 1051 3987 ,

341 4031 478 4098 Κλεινίου
497 4032 588 4098 άλλά
608 4029 737 4114 θυγατρί
759 4031 838 4100 δίδου
857 4032 973 4116 χάριν·
997 4030 1058 4100 οἶδε
1079 4035 1144 4118 γάρ
1164 4039 1273 4107 cette

432 4152 524 4236 ρ’ἑζειν
545 4153 597 4220 καί
619 4151 761 4236 Σμύρνης
782 4155 866 4222 ἐστίν
889 4158 947 4223 άπ’
967 4156 1118 4232 Αίολιῒος.

251 4275 351 4344 Versu
374 4276 478 4365 primo
508 4298 568 4366 pro
596 4275 784 4359 παλαίτερον
805 4276 1021 4359 Schneiderus
1052 4281 1219 4354 correxit:
1253 4283 1354 4352 πάλαι
