2784 5174
530 340 734 406 -159—

123 521 182 592 [lae
204 528 288 595 enim
317 528 513 627 epigramma
542 526 714 594 simulacro
738 530 829 597 Panis
855 529 1072 620 subscriptum
1097 528 1187 597 latt-

123 649 309 716 ioonrertit
334 646 523 738 Propertius
543 647 614 727 lll,
643 652 696 718 ll.
723 654 777 719 41.
803 650 970 742 complura
991 649 1055 717 alia
1078 649 1188 718 imita·

123 786 174 836 tue
188 792 335 861 expressa
352 767 565 836 reddiderunt
581 770 636 835 alii
649 771 917 861 epigrammatum
938 783 1073 862 poetae,
1099 770 1187 863 quod

142 887 205 958 hoc
227 915 292 959 uno
319 903 422 982 poeta,
439 891 626 982 saepissime
650 893 770 959 laetum
797 893 914 964 rideas.
962 893 1010 959 Ile
1036 891 1188 961 Callima-

123 1028 150 1074 ιο
187 1011 272 1081 idem
311 1024 437 1086 constat
467 1035 504 1079 er
540 1012 646 1078 serbis
681 1012 778 1085 Plinii
807 1012 911 1104 Epist.
932 1011 991 1080 IV.
1018 1017 1052 1080 3.
1100 1014 1187 1081 »lta

123 1142 173 1201 ute
195 1158 271 1205 sum
293 1135 439 1202 relectus
468 1134 560 1225 ipse,
592 1156 666 1210 oum
686 1135 815 1210 ,Graeca
850 1136 1078 1225 epigrammata
1107 1147 1185 1215 tua,

123 1248 167 1321 sn
183 1256 305 1325 iambos
322 1255 370 1323 ibi
386 1256 534 1346 proxime
556 1255 719 1345 legeremr
742 1267 901 1346 quantum
930 1255 978 1323 ihi
1001 1254 1188 1332 humanita·
1295 1292 1297 1296 Α

123 1372 156 1453 λ.
183 1379 376 1446 venustatis!
392 1374 633 1468 'quamduleia
666 1376 745 1454 illa,
777 1400 874 1468 quam
900 1378 1057 1468 antiqua,
1088 1398 1186 1467 quam

123 1506 219 1583 iguis,
242 1521 339 1591 quaro
369 1502 477 1567 recta!
504 1496 740 1567 Callimachum
762 1523 815 1569 me
836 1499 887 1567 rel
909 1498 1072 1567 Herodem
1094 1496 1144 1565 rel
1160 1497 1187 1565 ai

123 1614 166 1685 til
185 1619 236 1689 hia
252 1619 394 1702 melius,
418 1632 529 1687 tenere
553 1619 764 1688 credebam.''
788 1619 947 1689 Martialis
967 1619 1037 1700 lu,
1060 1621 1119 1701 23.
1144 1684 1147 1689 ,
1185 1679 1188 1686 .

127 1768 130 1773 ·
221 1739 306 1807 llum
330 1752 367 1807 tn
390 1739 476 1806 lenta
501 1741 598 1806 nimis
621 1739 746 1831 diuque
768 1741 899 1830 quaeris

220 1865 278 1952 qui
299 1863 428 1953 primus
447 1860 509 1928 tibi
535 1864 648 1953 quisse
671 1862 712 1929 sit
735 1860 894 1929 secundus

219 1983 353 2051 Graium
375 1986 487 2072 quisve
510 1983 716 2072 Epigramma
739 1983 940 2075 comparabit

219 2104 358 2194 palmam
383 2103 600 2173 Callimachus
624 2104 736 2173 Thalia
759 2105 799 2173 de
823 2129 855 2173 se

220 2225 360 2293 larundo
383 2226 473 2294 dedit
497 2227 566 2315 ipse
588 2227 762 2296 Brutiano.

222 2347 284 2433 Qui
306 2348 333 2414 si
357 2345 516 2438 Georopio
538 2361 626 2414 satur
649 2349 760 2438 lepore

220 2468 381 2536 Romanae
404 2470 469 2535 sale
492 2468 604 2535 luserit
628 2468 791 2549 Minervae

220 2588 270 2655 illi
293 2611 351 2657 me·
369 2589 466 2655 iacias
490 2610 606 2679 precor
630 2587 820 2656 secundum.

133 2725 218 2776 sane
242 2688 269 2777 si
290 2692 423 2802 propter
444 2733 599 2776 summam
624 2711 657 2776 in
682 2705 876 2776 celebrando
895 2707 1037 2774 facinore
1061 2707 1187 2797 magni·

123 2842 145 2887 ῠ
173 2830 412 2922 simplieitatem
447 2854 575 2899 summo
594 2834 664 2898 iure
685 2830 881 2912 admiramur
900 2830 1098 2921 epigramma
1122 2851 1185 2918 pu·

125 2967 206 3018 oum
222 2951 404 3021 vSimonidis
422 2954 456 3019 iu
477 2953 651 3044 Spartanos
673 2953 707 3020 in
721 2951 949 3041 Thermopylis
968 2951 1088 3019 occisos
1107 2972 1187 3019 oon·

123 3066 240 3162 iprum
257 3073 338 3142 hoo:

177 3189 197 3259 ol
219 3192 294 3274 ξεῖν’
316 3194 493 3275 ἀγγέλλειν
516 3196 773 3275 Λακεδαιμονίοις
796 3192 845 3262 ὅτι
866 3193 943 3279 τᾷδε

265 3316 396 3397 κείμεθα
412 3314 484 3392 ’τοῖς
507 3319 611 3384 κείνων
634 3319 752 3401 ῥήμασι
774 3314 970 3396 πειθόμενοι,
1077 3380 1080 3385 .

123 3430 167 3502 io
191 3452 376 3530 comparare
407 3441 509 3511 ausim
535 3441 568 3505 in
591 3439 718 3509 diverso
741 3462 858 3530 genere
881 3433 1075 3506 callimachi
1094 3431 1184 3500 disti-

128 3574 220 3629 our-
329 3618 352 3631 ,,

176 3678 323 3757 δωδεκὲεη
336 3674 400 3748 ‘olo
422 3679 528 3755 vaila
549 3683 653 3763 nstris
676 3680 813 3756 uirilem
837 3679 994 3761 Φίλιππος

233 3794 235 3799 ’
265 3799 370 3875 ἐνθάδε
394 3804 450 3880 τὴν
474 3805 595 3879 πολλὴν
618 3801 734 3870 {serta
757 3799 930 3881 erositnu

123 3954 130 3976 ·
155 3915 187 3991 P.
210 3923 296 4004 vlt,
323 3927 400 3993 453.
421 3937 458 3992 et
482 3946 514 3992 e.
537 3930 616 3992 451.

175 4043 250 4130 τᾷδε
275 4043 366 4114 Zeluu
388 4045 408 4112 <i
428 4047 561 4121 Δίκωνος
585 4044 745 4120 Ἀκάνθιος
768 4044 844 4126 ἱερὸν
867 4039 959 4109 lases

267 4170 436 4248 κοιμᾶται·
461 4165 601 4235 lariensis
623 4169 668 4246 μὴ
692 4164 770 4245 λε’γε
794 4165 864 4238 τοὺς
888 4161 1037 4242 ἀγαθούς.

123 4291 133 4334 l
171 4290 391 4357 suavissimum
431 4304 478 4357 est
508 4292 705 4380 epigramma
745 4292 776 4354 in
811 4285 1009 4356 Heraclitum
1048 4281 1188 4351 amioum
