2784 5174
597 337 789 397 -198-

245 528 262 598 ἡ
283 528 416 604 πτωχῶν
437 523 594 604 χαρίεσσα
614 524 770 597 πανοπλία
790 524 1013 603 advenarum

332 643 424 719 αὕτη.

155 766 200 833 Ut
232 788 325 854 saepe
355 788 509 856 pauperes
542 766 693 833 dicuntur
728 768 928 845 adnuntianda
960 780 992 834 et
1025 770 1243 847 praetolamur,

154 888 238 950 itaa
266 887 437 954 Polemone
465 886 673 966 αὐτολοίνυνοι
701 887 779 954 dicti
802 888 965 958 ridentur.
1012 888 1156 979 Reliqua
1185 891 1248 957 lerc-

155 987 260 1074 omnia
296 1010 435 1075 carmina
471 1008 548 1074 libri
576 1008 661 1075 Noni
698 1008 772 1075 inde
806 1034 823 1074 a
856 1032 887 1077 c.
911 1012 988 1077 684.
1023 1012 1242 1102 inscriptionca

153 1145 247 1209 sunt,
273 1153 407 1220 quarum
435 1153 529 1196 unam
560 1131 593 1195 in
621 1131 687 1196 line
714 1130 808 1197 huius
831 1132 906 1197 libri
936 1132 1108 1212 tractabo,
1133 1123 1239 1199 sacello

150 1251 339 1341 inscriptum
360 1272 488 1316 carmen
511 1249 715 1339 Apollonidir
737 1272 767 1320 c.
790 1254 867 1318 791.

240 1371 343 1452 Μντρί
368 1371 605 1454 περιστεφέα
628 1373 739 1446 σηκὸν
763 1371 907 1453 Κυθέρεια
928 1371 1075 1457 ίαλοίσσρ

330 1489 482 1571 κρηπῖδας
505 1491 616 1569 βυίίας
640 1490 766 1571 οἴδματι
789 1490 1008 1572 antaplon·

240 1613 343 1693 χαίρει
367 1611 393 1677 δ’
416 1611 505 1695 ἀμφὶ
529 1615 563 1679 σὲ
586 1612 718 1688 πόντος,
745 1614 795 1678 ε’πί
820 1615 967 1697 Ζεφύροιο
990 1627 1118 1701 πνοῇσιν

327 1733 448 1816 οίφρὸν
471 1734 545 1814 ὑπὲρ
569 1734 661 1800 νώτου
684 1733 841 1801 κυοίνεον
863 1733 1027 1812 γελοίους·

144 1944 147 1953 1
240 1851 341 1920 είνειια
363 1854 390 1918 δ’
410 1854 553 1933 εὐσεβίας
577 1858 635 1937 uari
658 1856 710 1920 τὸν
730 1856 871 1937 ἐγείροιτο
894 1863 958 1922 σεῖο

327 1974 529 2054 Πόστουμος,
554 1978 690 2057 αὐχήσει
714 1974 831 2057 μέζονα
853 1980 969 2058 Φλουσι
991 1973 1120 2061 Ποίφου.

150 2098 204 2163 Vs.
228 2099 258 2162 1.
285 2096 412 2163 brevem
436 2095 592 2184 syllabam
619 2098 652 2161 in
673 2118 801 2162 caesura
825 2097 1035 2187 productam,
1063 2098 1124 2165 nbi
1150 2098 1241 2169 codex

149 2216 376 2302 περιστρεφέα,
403 2217 474 2284 tolli
492 2218 580 2283 iussit
601 2217 803 2285 Hermannna
823 2219 862 2283 ad
883 2215 986 2307 0rpb.
1009 2241 1044 2308 p.
1068 2222 1152 2290 rot.
1174 2243 1242 2289 cor·

147 2343 274 2431 rigens:
299 2337 508 2422 περιστεφέας
528 2343 633 2413 σιμοῦ.
684 2338 774 2425 Quod
799 2339 948 2429 probarit
967 2340 1149 2411 lacobrius.
1184 2342 1243 2411 Sed

147 2483 188 2526 ne
218 2460 325 2526 omnia
356 2458 514 2525 adiectira
543 2461 599 2525 uni
633 2458 829 2527 anbatantiro
860 2458 1004 2543 κρηπῖδες
1037 2463 1246 2546 tribuantur,

147 2580 295 2672 equidem
321 2582 438 2647 rectius
459 2594 562 2670 puto:

235 2701 339 2782 Μητρὶ
360 2699 560 2783 περισσεφέος
584 2706 678 2775 σνκοῦ
701 2700 845 2783 Κυθέρεια
867 2700 1012 2787 ίαὶιοίσσρ

327 2821 477 2904 κρηπῖδας
500 2822 610 2900 βυίίας
633 2820 759 2901 οἴδματι
783 2820 962 2903 πνξοίμεία.

146 2944 208 3009 Pro
229 2941 393 3022 πνξαμένν
416 2941 580 3009 Iacobsina
608 2941 646 3008 ad
671 2941 772 3010 Antia.
797 2956 824 3011 t.
845 2942 922 3012 ΧΗ.
947 2968 982 3033 p.
1002 2947 1080 3014 48⁰.
1106 2950 1245 3016 coniecit

99 3034 112 3055 ’
145 3063 233 3142 πῆξα
255 3062 363 3146 μέσῳ,
396 3062 453 3130 sed
482 3061 564 3127 mibi
596 3059 737 3129 medium
765 3060 935 3141 πνξοίμεία
957 3066 1063 3153 aptiua
1102 3067 1242 3139 ridetur.

146 3187 316 3253 Postumus
350 3187 437 3252 enim
468 3184 531 3249 boc
563 3183 746 3251 laciendum
783 3197 973 3264 curaverat,
1007 3187 1098 3275 quod
1139 3190 1244 3259 media

53 3332 56 3340 ·
144 3308 235 3375 verbi
259 3307 362 3373 forma
384 3306 604 3396 significatur,
630 3319 666 3371 ut
687 3316 719 3371 et
740 3327 784 3373 rs.
806 3310 838 3374 5.
862 3306 920 3371 ubi
942 3305 1086 3389 ἕνείρατο
1111 3312 1242 3402 scripsi,

145 3448 242 3516 quam
273 3448 480 3516 personarum
515 3425 726 3491 mutationem
755 3437 791 3490 ut
821 3448 838 3491 a
870 3428 974 3516 prima
999 3428 1057 3495 fiat
1090 3434 1243 3501 tranaitns

144 3546 182 3612 ad
209 3560 354 3637 quartam
378 3549 411 3613 in
442 3546 659 3637 superioribus
681 3546 853 3614 illustravi.
901 3547 964 3614 Pro
986 3549 1133 3628 ἐγείνατο
1156 3554 1242 3645 qnod

71 3722 81 3735 .
145 3693 189 3737 rs.
213 3675 245 3738 5.
270 3671 301 3734 in
326 3668 437 3736 codice
457 3668 576 3757 legitur
603 3667 768 3735 laoobsius
788 3669 954 3736 Bruncltio
977 3668 1155 3740 obsecutus
1175 3676 1242 3743 edi·

142 3791 190 3858 dit
208 3788 377 3872 ἐδείματο,
402 3801 434 3856 et
457 3811 532 3856 sane
558 3788 640 3855 illud
665 3788 795 3856 delendi
823 3813 914 3880 porse
944 3791 995 3856 vix
1018 3793 1241 3877 crediderim,

142 3913 196 3978 sed
220 3912 361 3995 ἐνείρατο
388 3913 495 4002 potins
517 3911 860 4003 poetaereddcndum
889 3913 1020 4002 putari,
1045 3936 1122 3983 nam
1158 3920 1241 3997 ἐνεί-

141 4058 199 4114 ρειν
223 4034 264 4099 de
287 4033 438 4099 aediliciis
462 4033 622 4099 faciundis
646 4035 768 4123 optime
791 4033 908 4101 dicitnr
931 4045 963 4101 et
985 4033 1137 4123 pluribus
1162 4039 1240 4105 locis

140 4155 266 4220 literam
301 4179 315 4219 ν
349 4178 366 4220 a
402 4153 512 4244 patulo
542 4178 557 4234 ρ
590 4176 653 4219 non
690 4153 816 4224 differre
856 4168 989 4223 testatur
1021 4157 1240 4230 Panllseniua.
