<?xml version="1.0" encoding="UTF-8"?>
<!DOCTYPE html PUBLIC "-//W3C//DTD XHTML 1.0 Transitional//EN"
    "http://www.w3.org/TR/xhtml1/DTD/xhtml1-transitional.dtd">
<html xmlns="http://www.w3.org/1999/xhtml" xml:lang="en" lang="en">
 <head>
  <title>
</title>
<meta http-equiv="Content-Type" content="text/html;charset=utf-8" />
  <meta name='ocr-system' content='tesseract 3.04.00' />
  <meta name='ocr-capabilities' content='ocr_page ocr_carea ocr_par ocr_line ocrx_word'/>
</head>
<body>
  <div class='ocr_page' id='page_1' title='image "./commentationisc02heckgoog_0012.png"; bbox 0 0 2784 5174; ppageno 0'>
   <div class='ocr_carea' id='block_1_1' title="bbox 519 337 710 383">
    <p class='ocr_par' dir='ltr' id='par_1_1' title="bbox 519 337 710 383">
     <span class='ocr_line' id='line_1_1' title="bbox 519 337 710 383; baseline 0.021 -12"><span class='ocrx_word' id='word_1_1' title='bbox 519 337 642 383; x_wconf 22' lang='lat' dir='ltr'>...sun</span> <span class='ocrx_word' id='word_1_2' title='bbox 663 352 710 375; x_wconf 80' lang='lat'>.—</span> 
     </span>
    </p>
   </div>
   <div class='ocr_carea' id='block_1_2' title="bbox 53 480 1157 596">
    <p class='ocr_par' dir='ltr' id='par_1_2' title="bbox 53 480 1157 596">
     <span class='ocr_line' id='line_1_2' title="bbox 53 480 1157 596; baseline 0.002 -25"><span class='ocrx_word' id='word_1_3' title='bbox 53 502 399 574; x_wconf 70' lang='lat' dir='ltr'>tionemtbrerissima</span> <span class='ocrx_word' id='word_1_4' title='bbox 424 501 615 589; x_wconf 79' lang='lat' dir='ltr'>:complexus</span> <span class='ocrx_word' id='word_1_5' title='bbox 636 480 716 572; x_wconf 45' lang='lat' dir='ltr'>&#39;sum</span> <span class='ocrx_word' id='word_1_6' title='bbox 739 503 1157 596; x_wconf 55' lang='lat' dir='ltr'>recensquamridemqui</span> 
     </span>
    </p>
   </div>
   <div class='ocr_carea' id='block_1_3' title="bbox 53 622 1165 759">
    <p class='ocr_par' dir='ltr' id='par_1_3' title="bbox 53 622 1165 759">
     <span class='ocr_line' id='line_1_3' title="bbox 53 622 1165 759; baseline 0.004 -36"><span class='ocrx_word' id='word_1_7' title='bbox 53 664 231 759; x_wconf 72' lang='lat' dir='ltr'>meteret</span> <span class='ocrx_word' id='word_1_8' title='bbox 262 622 398 727; x_wconf 84' lang='lat' dir='ltr'>affectus</span> <span class='ocrx_word' id='word_1_9' title='bbox 429 662 541 744; x_wconf 80' lang='lat' dir='ltr'>poetae</span> <span class='ocrx_word' id='word_1_10' title='bbox 565 652 658 721; x_wconf 87' lang='lat' dir='ltr'>band</span> <span class='ocrx_word' id='word_1_11' title='bbox 671 693 673 696; x_wconf 33' lang='lat' dir='ltr'>v</span> <span class='ocrx_word' id='word_1_12' title='bbox 688 653 822 740; x_wconf 80' lang='lat' dir='ltr'>ignobili</span> <span class='ocrx_word' id='word_1_13' title='bbox 843 653 1165 742; x_wconf 51' lang='lat' dir='ltr'>&gt;ttiotartt3÷rtngua</span> 
     </span>
    </p>
   </div>
   <div class='ocr_carea' id='block_1_4' title="bbox 10 803 1246 4206">
    <p class='ocr_par' dir='ltr' id='par_1_4' title="bbox 10 803 1246 4206">
     <span class='ocr_line' id='line_1_4' title="bbox 53 803 1167 900; baseline 0.004 -26"><span class='ocrx_word' id='word_1_14' title='bbox 53 805 323 894; x_wconf 60' lang='lat' dir='ltr'>qnam-Olympo¹</span> <span class='ocrx_word' id='word_1_15' title='bbox 342 805 515 879; x_wconf 80' lang='lat' dir='ltr'>demissam</span> <span class='ocrx_word' id='word_1_16' title='bbox 540 803 731 879; x_wconf 76' lang='lat' dir='ltr'>mortalibus</span> <span class='ocrx_word' id='word_1_17' title='bbox 756 805 961 900; x_wconf 69' lang='lat' dir='ltr'>gratificatae</span> <span class='ocrx_word' id='word_1_18' title='bbox 977 806 1167 881; x_wconf 69' lang='lat' dir='ltr'>&amp;sentuno</span> 
     </span>
     <span class='ocr_line' id='line_1_5' title="bbox 51 953 1167 1052; baseline -0.001 -27"><span class='ocrx_word' id='word_1_19' title='bbox 51 959 119 1025; x_wconf 91' lang='lat' dir='ltr'>tiae</span> <span class='ocrx_word' id='word_1_20' title='bbox 143 958 325 1043; x_wconf 83' lang='lat' dir='ltr'><strong>Musaeque.</strong></span> <span class='ocrx_word' id='word_1_21' title='bbox 373 955 416 1022; x_wconf 82' lang='lat' dir='ltr'>ut</span> <span class='ocrx_word' id='word_1_22' title='bbox 439 953 541 1022; x_wconf 86' lang='lat' dir='ltr'>lateor</span> <span class='ocrx_word' id='word_1_23' title='bbox 565 956 598 1021; x_wconf 94' lang='lat' dir='ltr'>in</span> <span class='ocrx_word' id='word_1_24' title='bbox 622 955 735 1022; x_wconf 90' lang='lat' dir='ltr'>multis</span> <span class='ocrx_word' id='word_1_25' title='bbox 758 975 842 1044; x_wconf 86' lang='lat' dir='ltr'>quae</span> <span class='ocrx_word' id='word_1_26' title='bbox 865 956 946 1022; x_wconf 92' lang='lat' dir='ltr'>mihi</span> <span class='ocrx_word' id='word_1_27' title='bbox 972 956 1005 1022; x_wconf 95' lang='lat' dir='ltr'>in</span> <span class='ocrx_word' id='word_1_28' title='bbox 1025 974 1167 1052; x_wconf 68' lang='lat' dir='ltr'>censura</span> 
     </span>
     <span class='ocr_line' id='line_1_6' title="bbox 53 1104 1162 1228; baseline -0.017 -54"><span class='ocrx_word' id='word_1_29' title='bbox 53 1106 368 1174; x_wconf 75' lang='lat' dir='ltr'>Commentariorum</span> <span class='ocrx_word' id='word_1_30' title='bbox 393 1106 485 1192; x_wconf 93' lang='lat' dir='ltr'>prius</span> <span class='ocrx_word' id='word_1_31' title='bbox 505 1104 667 1210; x_wconf 83' lang='lat' dir='ltr'>editorum</span> <span class='ocrx_word' id='word_1_32' title='bbox 687 1104 892 1228; x_wconf 70' lang='lat' dir='ltr'>abblanditus</span> <span class='ocrx_word' id='word_1_33' title='bbox 917 1114 970 1210; x_wconf 82' lang='lat' dir='ltr'>est¹</span> <span class='ocrx_word' id='word_1_34' title='bbox 991 1104 1162 1215; x_wconf 77' lang='lat' dir='ltr'>Schneide.</span> 
     </span>
     <span class='ocr_line' id='line_1_7' title="bbox 51 1219 1163 1344; baseline 0 -21"><span class='ocrx_word' id='word_1_35' title='bbox 51 1257 184 1335; x_wconf 85' lang='lat' dir='ltr'>winus,</span> <span class='ocrx_word' id='word_1_36' title='bbox 207 1256 267 1322; x_wconf 90' lang='lat' dir='ltr'>hoc</span> <span class='ocrx_word' id='word_1_37' title='bbox 299 1274 401 1323; x_wconf 90' lang='lat' dir='ltr'>unum</span> <span class='ocrx_word' id='word_1_38' title='bbox 429 1254 510 1321; x_wconf 90' lang='lat' dir='ltr'>mibi</span> <span class='ocrx_word' id='word_1_39' title='bbox 534 1254 629 1344; x_wconf 84' lang='lat' dir='ltr'>longe</span> <span class='ocrx_word' id='word_1_40' title='bbox 652 1219 877 1343; x_wconf 79' lang='lat' dir='ltr'>gratissimum</span> <span class='ocrx_word' id='word_1_41' title='bbox 899 1230 1031 1344; x_wconf 86' lang='lat' dir='ltr'>scripsit</span> <span class='ocrx_word' id='word_1_42' title='bbox 1053 1263 1088 1324; x_wconf 84' lang='lat' dir='ltr'>et</span> <span class='ocrx_word' id='word_1_43' title='bbox 1108 1276 1163 1323; x_wconf 86' lang='lat' dir='ltr'>ac-</span> 
     </span>
     <span class='ocr_line' id='line_1_8' title="bbox 51 1405 1178 1498; baseline 0.004 -28"><span class='ocrx_word' id='word_1_44' title='bbox 51 1406 303 1493; x_wconf 90' lang='lat' dir='ltr'>ceptissimum,</span> <span class='ocrx_word' id='word_1_45' title='bbox 329 1406 363 1472; x_wconf 92' lang='lat' dir='ltr'>in</span> <span class='ocrx_word' id='word_1_46' title='bbox 384 1405 436 1471; x_wconf 92' lang='lat' dir='ltr'>his</span> <span class='ocrx_word' id='word_1_47' title='bbox 460 1406 562 1474; x_wconf 91' lang='lat' dir='ltr'>animi</span> <span class='ocrx_word' id='word_1_48' title='bbox 592 1406 731 1474; x_wconf 87' lang='lat' dir='ltr'>calorem</span> <span class='ocrx_word' id='word_1_49' title='bbox 759 1406 850 1482; x_wconf 87' lang='lat' dir='ltr'>cerni</span> <span class='ocrx_word' id='word_1_50' title='bbox 876 1412 909 1473; x_wconf 88' lang='lat' dir='ltr'>ot</span> <span class='ocrx_word' id='word_1_51' title='bbox 927 1405 1085 1498; x_wconf 83' lang='lat' dir='ltr'>micantes</span> <span class='ocrx_word' id='word_1_52' title='bbox 1107 1409 1178 1494; x_wconf 84' lang='lat' dir='ltr'>pe-&#39;</span> 
     </span>
     <span class='ocr_line' id='line_1_9' title="bbox 49 1553 1163 1643; baseline 0.003 -23"><span class='ocrx_word' id='word_1_53' title='bbox 49 1554 159 1620; x_wconf 87' lang='lat' dir='ltr'>cteris</span> <span class='ocrx_word' id='word_1_54' title='bbox 188 1557 287 1642; x_wconf 83' lang='lat' dir='ltr'>ignes.</span> <span class='ocrx_word' id='word_1_55' title='bbox 335 1555 445 1643; x_wconf 84' lang='lat' dir='ltr'>Neque</span> <span class='ocrx_word' id='word_1_56' title='bbox 468 1575 544 1622; x_wconf 87' lang='lat' dir='ltr'>sane</span> <span class='ocrx_word' id='word_1_57' title='bbox 574 1556 761 1623; x_wconf 87' lang='lat' dir='ltr'>etiamnunc</span> <span class='ocrx_word' id='word_1_58' title='bbox 786 1554 961 1642; x_wconf 87' lang='lat' dir='ltr'>quicquam</span> <span class='ocrx_word' id='word_1_59' title='bbox 981 1553 1063 1623; x_wconf 89' lang='lat' dir='ltr'>mihi</span> <span class='ocrx_word' id='word_1_60' title='bbox 1093 1576 1163 1626; x_wconf 80' lang='lat' dir='ltr'>exo·</span> 
     </span>
     <span class='ocr_line' id='line_1_10' title="bbox 50 1705 1165 1796; baseline 0.004 -26"><span class='ocrx_word' id='word_1_61' title='bbox 50 1705 182 1796; x_wconf 88' lang='lat' dir='ltr'>ptatius</span> <span class='ocrx_word' id='word_1_62' title='bbox 209 1705 355 1774; x_wconf 90' lang='lat' dir='ltr'>accidere</span> <span class='ocrx_word' id='word_1_63' title='bbox 378 1712 483 1794; x_wconf 90' lang='lat' dir='ltr'>potest</span> <span class='ocrx_word' id='word_1_64' title='bbox 516 1724 613 1794; x_wconf 89' lang='lat' dir='ltr'>quam</span> <span class='ocrx_word' id='word_1_65' title='bbox 644 1711 681 1772; x_wconf 90' lang='lat' dir='ltr'>ut</span> <span class='ocrx_word' id='word_1_66' title='bbox 709 1723 749 1771; x_wconf 86' lang='lat' dir='ltr'>ex</span> <span class='ocrx_word' id='word_1_67' title='bbox 770 1705 839 1771; x_wconf 85' lang='lat' dir='ltr'>Tua</span> <span class='ocrx_word' id='word_1_68' title='bbox 869 1705 980 1774; x_wconf 90' lang='lat' dir='ltr'>ridear</span> <span class='ocrx_word' id='word_1_69' title='bbox 1009 1707 1165 1775; x_wconf 87' lang='lat' dir='ltr'>esoteriea</span> 
     </span>
     <span class='ocr_line' id='line_1_11' title="bbox 53 1853 1164 1944; baseline 0.003 -25"><span class='ocrx_word' id='word_1_70' title='bbox 53 1853 231 1941; x_wconf 84' lang='lat' dir='ltr'>disciplina</span> <span class='ocrx_word' id='word_1_71' title='bbox 261 1854 434 1944; x_wconf 86' lang='lat' dir='ltr'>proiectus.</span> <span class='ocrx_word' id='word_1_72' title='bbox 482 1856 562 1923; x_wconf 87' lang='lat' dir='ltr'>Nam</span> <span class='ocrx_word' id='word_1_73' title='bbox 587 1874 627 1922; x_wconf 85' lang='lat' dir='ltr'>ex</span> <span class='ocrx_word' id='word_1_74' title='bbox 650 1875 714 1943; x_wconf 89' lang='lat' dir='ltr'>quo</span> <span class='ocrx_word' id='word_1_75' title='bbox 739 1854 1069 1926; x_wconf 71' lang='lat' dir='ltr'>commentationibus</span> <span class='ocrx_word' id='word_1_76' title='bbox 1096 1857 1164 1924; x_wconf 84' lang='lat' dir='ltr'>Gat-</span> 
     </span>
     <span class='ocr_line' id='line_1_12' title="bbox 51 2002 1163 2095; baseline 0.004 -25"><span class='ocrx_word' id='word_1_77' title='bbox 51 2003 227 2071; x_wconf 90' lang='lat' dir='ltr'>limacbeis</span> <span class='ocrx_word' id='word_1_78' title='bbox 255 2003 327 2072; x_wconf 84' lang='lat' dir='ltr'>Tibi</span> <span class='ocrx_word' id='word_1_79' title='bbox 352 2003 598 2072; x_wconf 89' lang='lat' dir='ltr'>commendatus</span> <span class='ocrx_word' id='word_1_80' title='bbox 621 2002 670 2070; x_wconf 86' lang='lat' dir='ltr'>fui</span> <span class='ocrx_word' id='word_1_81' title='bbox 696 2010 729 2070; x_wconf 92' lang='lat' dir='ltr'>et</span> <span class='ocrx_word' id='word_1_82' title='bbox 753 2005 917 2093; x_wconf 84' lang='lat' dir='ltr'>interioris</span> <span class='ocrx_word' id='word_1_83' title='bbox 936 2005 1023 2095; x_wconf 90' lang='lat' dir='ltr'>apud</span> <span class='ocrx_word' id='word_1_84' title='bbox 1048 2008 1093 2074; x_wconf 86' lang='lat' dir='ltr'>Te</span> <span class='ocrx_word' id='word_1_85' title='bbox 1120 2006 1163 2073; x_wconf 87' lang='lat' dir='ltr'>l·</span> 
     </span>
     <span class='ocr_line' id='line_1_13' title="bbox 55 2154 1166 2235; baseline 0.003 -14"><span class='ocrx_word' id='word_1_86' title='bbox 55 2163 136 2221; x_wconf 89' lang='lat' dir='ltr'>etus</span> <span class='ocrx_word' id='word_1_87' title='bbox 157 2173 230 2222; x_wconf 92' lang='lat' dir='ltr'>sum</span> <span class='ocrx_word' id='word_1_88' title='bbox 251 2154 478 2235; x_wconf 89' lang='lat' dir='ltr'>admissionis,</span> <span class='ocrx_word' id='word_1_89' title='bbox 513 2175 678 2224; x_wconf 86' lang='lat' dir='ltr'>sermones</span> <span class='ocrx_word' id='word_1_90' title='bbox 711 2156 833 2223; x_wconf 81' lang='lat' dir='ltr'>Tecum</span> <span class='ocrx_word' id='word_1_91' title='bbox 856 2155 895 2224; x_wconf 93' lang='lat' dir='ltr'>de</span> <span class='ocrx_word' id='word_1_92' title='bbox 917 2158 1037 2225; x_wconf 90' lang='lat' dir='ltr'>nostris</span> <span class='ocrx_word' id='word_1_93' title='bbox 1062 2154 1166 2226; x_wconf 88' lang='lat' dir='ltr'>literis</span> 
     </span>
     <span class='ocr_line' id='line_1_14' title="bbox 56 2305 1166 2398; baseline 0.005 -27"><span class='ocrx_word' id='word_1_94' title='bbox 56 2325 229 2374; x_wconf 85' lang='lat' dir='ltr'>conserere</span> <span class='ocrx_word' id='word_1_95' title='bbox 249 2307 363 2378; x_wconf 90' lang='lat' dir='ltr'>solitus</span> <span class='ocrx_word' id='word_1_96' title='bbox 385 2328 481 2387; x_wconf 88' lang='lat' dir='ltr'>sum,</span> <span class='ocrx_word' id='word_1_97' title='bbox 505 2329 585 2396; x_wconf 89' lang='lat' dir='ltr'>quos</span> <span class='ocrx_word' id='word_1_98' title='bbox 609 2307 708 2374; x_wconf 87' lang='lat' dir='ltr'>etiam</span> <span class='ocrx_word' id='word_1_99' title='bbox 733 2305 848 2375; x_wconf 84' lang='lat' dir='ltr'>absens</span> <span class='ocrx_word' id='word_1_100' title='bbox 871 2328 929 2396; x_wconf 91' lang='lat' dir='ltr'>per</span> <span class='ocrx_word' id='word_1_101' title='bbox 948 2310 1099 2398; x_wconf 79' lang='lat' dir='ltr'>epistolas</span> <span class='ocrx_word' id='word_1_102' title='bbox 1119 2312 1166 2377; x_wconf 92' lang='lat' dir='ltr'>in·</span> 
     </span>
     <span class='ocr_line' id='line_1_15' title="bbox 54 2454 1168 2547; baseline 0.005 -26"><span class='ocrx_word' id='word_1_103' title='bbox 54 2455 204 2522; x_wconf 85' lang='lat' dir='ltr'>staurari</span> <span class='ocrx_word' id='word_1_104' title='bbox 233 2462 266 2523; x_wconf 91' lang='lat' dir='ltr'>et</span> <span class='ocrx_word' id='word_1_105' title='bbox 291 2455 407 2523; x_wconf 84' lang='lat' dir='ltr'>exinde</span> <span class='ocrx_word' id='word_1_106' title='bbox 439 2475 548 2523; x_wconf 90' lang='lat' dir='ltr'>eoram</span> <span class='ocrx_word' id='word_1_107' title='bbox 578 2456 740 2524; x_wconf 86' lang='lat' dir='ltr'>renovavi.</span> <span class='ocrx_word' id='word_1_108' title='bbox 788 2454 910 2542; x_wconf 86' lang='lat' dir='ltr'>Operae</span> <span class='ocrx_word' id='word_1_109' title='bbox 938 2465 1047 2525; x_wconf 90' lang='lat' dir='ltr'>autem</span> <span class='ocrx_word' id='word_1_110' title='bbox 1070 2479 1168 2547; x_wconf 88' lang='lat' dir='ltr'>quam</span> 
     </span>
     <span class='ocr_line' id='line_1_16' title="bbox 57 2603 1165 2698; baseline 0.009 -30"><span class='ocrx_word' id='word_1_111' title='bbox 57 2604 222 2673; x_wconf 85' lang='lat' dir='ltr'>Historiae</span> <span class='ocrx_word' id='word_1_112' title='bbox 243 2605 428 2672; x_wconf 84' lang='lat' dir='ltr'>Literarum</span> <span class='ocrx_word' id='word_1_113' title='bbox 448 2605 646 2673; x_wconf 86' lang='lat' dir='ltr'>Graecarum</span> <span class='ocrx_word' id='word_1_114' title='bbox 669 2612 702 2671; x_wconf 88' lang='lat' dir='ltr'>et</span> <span class='ocrx_word' id='word_1_115' title='bbox 722 2603 913 2672; x_wconf 80' lang='lat' dir='ltr'>Latinarum</span> <span class='ocrx_word' id='word_1_116' title='bbox 934 2606 1076 2694; x_wconf 91' lang='lat' dir='ltr'>impendi</span> <span class='ocrx_word' id='word_1_117' title='bbox 1096 2631 1165 2698; x_wconf 84' lang='lat' dir='ltr'>spe-</span> 
     </span>
     <span class='ocr_line' id='line_1_17' title="bbox 59 2753 1165 2843; baseline 0.006 -23"><span class='ocrx_word' id='word_1_118' title='bbox 59 2756 165 2821; x_wconf 81' lang='lat' dir='ltr'>cimen</span> <span class='ocrx_word' id='word_1_119' title='bbox 183 2753 351 2821; x_wconf 89' lang='lat' dir='ltr'>habendus</span> <span class='ocrx_word' id='word_1_120' title='bbox 371 2762 420 2822; x_wconf 91' lang='lat' dir='ltr'>est</span> <span class='ocrx_word' id='word_1_121' title='bbox 439 2755 565 2843; x_wconf 91' lang='lat' dir='ltr'>primus</span> <span class='ocrx_word' id='word_1_122' title='bbox 593 2755 709 2821; x_wconf 91' lang='lat' dir='ltr'>borum</span> <span class='ocrx_word' id='word_1_123' title='bbox 733 2754 1045 2827; x_wconf 83' lang='lat' dir='ltr'>Commentariorum</span> <span class='ocrx_word' id='word_1_124' title='bbox 1066 2758 1165 2841; x_wconf 87' lang='lat' dir='ltr'>tiber,</span> 
     </span>
     <span class='ocr_line' id='line_1_18' title="bbox 60 2903 1167 2998; baseline 0.008 -28"><span class='ocrx_word' id='word_1_125' title='bbox 60 2907 94 2971; x_wconf 96' lang='lat' dir='ltr'>in</span> <span class='ocrx_word' id='word_1_126' title='bbox 116 2925 180 2997; x_wconf 89' lang='lat' dir='ltr'>quo</span> <span class='ocrx_word' id='word_1_127' title='bbox 198 2903 324 2974; x_wconf 90' lang='lat' dir='ltr'>aditum</span> <span class='ocrx_word' id='word_1_128' title='bbox 344 2904 384 2972; x_wconf 89' lang='lat' dir='ltr'>ad</span> <span class='ocrx_word' id='word_1_129' title='bbox 404 2907 593 2974; x_wconf 90' lang='lat' dir='ltr'>universum</span> <span class='ocrx_word' id='word_1_130' title='bbox 617 2905 871 2994; x_wconf 84' lang='lat' dir='ltr'>inscriptionum</span> <span class='ocrx_word' id='word_1_131' title='bbox 887 2914 920 2976; x_wconf 88' lang='lat' dir='ltr'>et</span> <span class='ocrx_word' id='word_1_132' title='bbox 941 2907 1167 2998; x_wconf 77' lang='lat' dir='ltr'>Epigramma·</span> 
     </span>
     <span class='ocr_line' id='line_1_19' title="bbox 60 3055 1167 3158; baseline 0.008 -37"><span class='ocrx_word' id='word_1_133' title='bbox 60 3063 132 3122; x_wconf 88' lang='lat' dir='ltr'>tum</span> <span class='ocrx_word' id='word_1_134' title='bbox 155 3056 351 3125; x_wconf 84' lang='lat' dir='ltr'>Graecorum</span> <span class='ocrx_word' id='word_1_135' title='bbox 374 3077 492 3146; x_wconf 89' lang='lat' dir='ltr'>eorpus</span> <span class='ocrx_word' id='word_1_136' title='bbox 514 3056 693 3146; x_wconf 88' lang='lat' dir='ltr'>planiorem</span> <span class='ocrx_word' id='word_1_137' title='bbox 717 3055 852 3125; x_wconf 88' lang='lat' dir='ltr'>reddere</span> <span class='ocrx_word' id='word_1_138' title='bbox 879 3058 992 3158; x_wconf 90' lang='lat' dir='ltr'>studui</span> <span class='ocrx_word' id='word_1_139' title='bbox 1013 3060 1110 3150; x_wconf 89' lang='lat' dir='ltr'>idque</span> <span class='ocrx_word' id='word_1_140' title='bbox 1130 3083 1167 3130; x_wconf 87' lang='lat' dir='ltr'>co</span> 
     </span>
     <span class='ocr_line' id='line_1_20' title="bbox 60 3205 1168 3298; baseline 0.007 -26"><span class='ocrx_word' id='word_1_141' title='bbox 60 3224 217 3293; x_wconf 85' lang='lat' dir='ltr'>reponere</span> <span class='ocrx_word' id='word_1_142' title='bbox 235 3206 304 3275; x_wconf 90' lang='lat' dir='ltr'>loeo</span> <span class='ocrx_word' id='word_1_143' title='bbox 330 3206 386 3298; x_wconf 90' lang='lat' dir='ltr'>qui</span> <span class='ocrx_word' id='word_1_144' title='bbox 405 3206 435 3275; x_wconf 90' lang='lat' dir='ltr'>ei</span> <span class='ocrx_word' id='word_1_145' title='bbox 454 3206 488 3273; x_wconf 95' lang='lat' dir='ltr'>in</span> <span class='ocrx_word' id='word_1_146' title='bbox 513 3205 683 3274; x_wconf 87' lang='lat' dir='ltr'>literarum</span> <span class='ocrx_word' id='word_1_147' title='bbox 701 3207 838 3275; x_wconf 90' lang='lat' dir='ltr'>historia</span> <span class='ocrx_word' id='word_1_148' title='bbox 860 3207 968 3277; x_wconf 86' lang='lat' dir='ltr'>deberi</span> <span class='ocrx_word' id='word_1_149' title='bbox 988 3210 1168 3280; x_wconf 87' lang='lat' dir='ltr'>videbatur.</span> 
     </span>
     <span class='ocr_line' id='line_1_21' title="bbox 65 3354 1170 3450; baseline 0.005 -27"><span class='ocrx_word' id='word_1_150' title='bbox 65 3354 156 3437; x_wconf 84' lang='lat' dir='ltr'>Quod</span> <span class='ocrx_word' id='word_1_151' title='bbox 185 3356 246 3425; x_wconf 86' lang='lat' dir='ltr'>ieci</span> <span class='ocrx_word' id='word_1_152' title='bbox 278 3357 458 3425; x_wconf 89' lang='lat' dir='ltr'>interiectis</span> <span class='ocrx_word' id='word_1_153' title='bbox 489 3358 574 3424; x_wconf 92' lang='lat' dir='ltr'>notis</span> <span class='ocrx_word' id='word_1_154' title='bbox 612 3358 758 3437; x_wconf 89' lang='lat' dir='ltr'>criticis,</span> <span class='ocrx_word' id='word_1_155' title='bbox 798 3366 878 3450; x_wconf 90' lang='lat' dir='ltr'>quas</span> <span class='ocrx_word' id='word_1_156' title='bbox 908 3360 962 3427; x_wconf 92' lang='lat' dir='ltr'>hio</span> <span class='ocrx_word' id='word_1_157' title='bbox 995 3360 1060 3429; x_wconf 92' lang='lat' dir='ltr'>illie</span> <span class='ocrx_word' id='word_1_158' title='bbox 1093 3384 1170 3430; x_wconf 89' lang='lat' dir='ltr'>oon-</span> 
     </span>
     <span class='ocr_line' id='line_1_22' title="bbox 64 3466 1246 3594; baseline 0.009 -23"><span class='ocrx_word' id='word_1_159' title='bbox 64 3466 181 3594; x_wconf 84' lang='lat' dir='ltr'>scripsi</span> <span class='ocrx_word' id='word_1_160' title='bbox 210 3508 372 3577; x_wconf 89' lang='lat' dir='ltr'>breviores</span> <span class='ocrx_word' id='word_1_161' title='bbox 395 3529 454 3576; x_wconf 89' lang='lat' dir='ltr'>nee</span> <span class='ocrx_word' id='word_1_162' title='bbox 482 3510 638 3577; x_wconf 90' lang='lat' dir='ltr'>intercuti</span> <span class='ocrx_word' id='word_1_163' title='bbox 659 3508 790 3578; x_wconf 91' lang='lat' dir='ltr'>madore</span> <span class='ocrx_word' id='word_1_164' title='bbox 821 3510 1012 3582; x_wconf 84' lang='lat' dir='ltr'>diffluentes.</span> <span class='ocrx_word' id='word_1_165' title='bbox 1061 3504 1170 3583; x_wconf 82' lang='lat' dir='ltr'>Altero</span> <span class='ocrx_word' id='word_1_166' title='bbox 1241 3522 1246 3532; x_wconf 84' lang='grc'><em>’</em></span> 
     </span>
     <span class='ocr_line' id='line_1_23' title="bbox 10 3637 1169 3752; baseline 0.01 -33"><span class='ocrx_word' id='word_1_167' title='bbox 10 3637 12 3647; x_wconf 71' lang='grc'><strong>’</strong></span> <span class='ocrx_word' id='word_1_168' title='bbox 64 3655 150 3721; x_wconf 89' lang='lat' dir='ltr'>libro</span> <span class='ocrx_word' id='word_1_169' title='bbox 177 3656 360 3747; x_wconf 87' lang='lat' dir='ltr'>complexus</span> <span class='ocrx_word' id='word_1_170' title='bbox 387 3678 459 3726; x_wconf 91' lang='lat' dir='ltr'>sum</span> <span class='ocrx_word' id='word_1_171' title='bbox 484 3658 724 3728; x_wconf 89' lang='lat' dir='ltr'>emendationes</span> <span class='ocrx_word' id='word_1_172' title='bbox 758 3660 793 3727; x_wconf 87' lang='lat' dir='ltr'>in</span> <span class='ocrx_word' id='word_1_173' title='bbox 820 3663 1031 3752; x_wconf 79' lang='lat' dir='ltr'>Antbologiae</span> <span class='ocrx_word' id='word_1_174' title='bbox 1054 3665 1169 3733; x_wconf 90' lang='lat' dir='ltr'>Palati-</span> 
     </span>
     <span class='ocr_line' id='line_1_24' title="bbox 65 3805 1171 3898; baseline 0.009 -25"><span class='ocrx_word' id='word_1_175' title='bbox 65 3827 126 3874; x_wconf 89' lang='lat' dir='ltr'>nae</span> <span class='ocrx_word' id='word_1_176' title='bbox 156 3805 255 3875; x_wconf 91' lang='lat' dir='ltr'>lihros</span> <span class='ocrx_word' id='word_1_177' title='bbox 283 3811 416 3897; x_wconf 88' lang='lat' dir='ltr'>priores.</span> <span class='ocrx_word' id='word_1_178' title='bbox 473 3811 582 3877; x_wconf 83' lang='lat' dir='ltr'>Tertio</span> <span class='ocrx_word' id='word_1_179' title='bbox 619 3817 653 3876; x_wconf 91' lang='lat' dir='ltr'>et</span> <span class='ocrx_word' id='word_1_180' title='bbox 679 3817 816 3898; x_wconf 87' lang='lat' dir='ltr'>quarto,</span> <span class='ocrx_word' id='word_1_181' title='bbox 848 3833 946 3898; x_wconf 88' lang='lat' dir='ltr'>quam</span> <span class='ocrx_word' id='word_1_182' title='bbox 979 3815 1171 3884; x_wconf 86' lang='lat' dir='ltr'>maturrime</span> 
     </span>
     <span class='ocr_line' id='line_1_25' title="bbox 65 3958 1170 4044; baseline 0.006 -17"><span class='ocrx_word' id='word_1_183' title='bbox 65 3958 135 4027; x_wconf 83' lang='lat' dir='ltr'>lieri</span> <span class='ocrx_word' id='word_1_184' title='bbox 158 3965 264 4044; x_wconf 93' lang='lat' dir='ltr'>potest</span> <span class='ocrx_word' id='word_1_185' title='bbox 288 3958 446 4038; x_wconf 86' lang='lat' dir='ltr'>edendis,</span> <span class='ocrx_word' id='word_1_186' title='bbox 471 3960 622 4028; x_wconf 87' lang='lat' dir='ltr'>volumen</span> <span class='ocrx_word' id='word_1_187' title='bbox 645 3960 784 4028; x_wconf 90' lang='lat' dir='ltr'>alterum</span> <span class='ocrx_word' id='word_1_188' title='bbox 807 3961 1037 4032; x_wconf 87' lang='lat' dir='ltr'>emendaturus</span> <span class='ocrx_word' id='word_1_189' title='bbox 1053 3966 1170 4035; x_wconf 84' lang='lat' dir='ltr'>lustra·-</span> 
     </span>
     <span class='ocr_line' id='line_1_26' title="bbox 60 4106 1172 4206; baseline 0.009 -30"><span class='ocrx_word' id='word_1_190' title='bbox 60 4110 120 4188; x_wconf 90' lang='lat' dir='ltr'>bo,</span> <span class='ocrx_word' id='word_1_191' title='bbox 145 4106 246 4174; x_wconf 90' lang='lat' dir='ltr'>libros</span> <span class='ocrx_word' id='word_1_192' title='bbox 271 4110 445 4178; x_wconf 83' lang='lat' dir='ltr'>exorsurus</span> <span class='ocrx_word' id='word_1_193' title='bbox 467 4109 506 4175; x_wconf 92' lang='lat' dir='ltr'>ab</span> <span class='ocrx_word' id='word_1_194' title='bbox 519 4110 800 4181; x_wconf 86' lang='lat' dir='ltr'>Hermesianactea</span> <span class='ocrx_word' id='word_1_195' title='bbox 820 4114 931 4203; x_wconf 78' lang='lat' dir='ltr'>Elegia</span> <span class='ocrx_word' id='word_1_196' title='bbox 955 4117 1081 4185; x_wconf 88' lang='lat' dir='ltr'>avitiis</span> <span class='ocrx_word' id='word_1_197' title='bbox 1097 4139 1172 4206; x_wconf 89' lang='lat' dir='ltr'>pur·</span> 
     </span>
    </p>
   </div>
   <div class='ocr_carea' id='block_1_5' title="bbox 60 4256 1174 4357">
    <p class='ocr_par' dir='ltr' id='par_1_5' title="bbox 60 4256 1174 4357">
     <span class='ocr_line' id='line_1_27' title="bbox 60 4256 1174 4357; baseline 0.006 -28"><span class='ocrx_word' id='word_1_198' title='bbox 60 4256 192 4347; x_wconf 65' lang='lat' dir='ltr'>gauda3</span> <span class='ocrx_word' id='word_1_199' title='bbox 216 4259 301 4328; x_wconf 90' lang='lat' dir='ltr'>unde</span> <span class='ocrx_word' id='word_1_200' title='bbox 323 4261 355 4326; x_wconf 92' lang='lat' dir='ltr'>in</span> <span class='ocrx_word' id='word_1_201' title='bbox 376 4260 575 4331; x_wconf 79' lang='lat' dir='ltr'>Athenaeum</span> <span class='ocrx_word' id='word_1_202' title='bbox 597 4263 802 4353; x_wconf 84' lang='lat' dir='ltr'>digressurus</span> <span class='ocrx_word' id='word_1_203' title='bbox 827 4267 866 4334; x_wconf 89' lang='lat' dir='ltr'>ab</span> <span class='ocrx_word' id='word_1_204' title='bbox 887 4268 1174 4357; x_wconf 88' lang='lat' dir='ltr'>inscriptionibus,</span> 
     </span>
    </p>
   </div>
   <div class='ocr_carea' id='block_1_6' title="bbox 0 0 1396 5174">
    <p class='ocr_par' dir='ltr' id='par_1_6' title="bbox 0 0 1396 5174">
     <span class='ocr_line' id='line_1_28' title="bbox 0 0 1396 5174; baseline 0 0"><span class='ocrx_word' id='word_1_205' title='bbox 0 0 1396 5174; x_wconf 95' lang='lat' dir='ltr'> </span> 
     </span>
    </p>
   </div>
  </div>
 </body>
</html>
