2784 5174
536 376 718 437 ...97-

34 582 40 593 ·
66 562 125 629 rlns
156 575 192 629 et
225 565 337 629 tertius
371 558 457 653 spnrl
493 559 674 628 lscobsium
710 562 862 651 leguntur
890 563 954 630 iter
991 565 1165 645 μνριμένιιι

63 682 234 768 ιιιὺραν-
250 683 416 764 Νενσίμας
435 684 462 747 l’
480 678 530 755 ἇς.
581 682 711 752 codex:
734 683 891 765 μνρνμένα
910 684 1005 766 κούρα
1021 723 1066 734 -
1084 695 1166 754 Neo·

62 805 163 885 σίμας
182 800 233 879 ἃς.
282 803 442 895 Equidem
462 804 672 893 participium
693 802 732 868 sd
754 826 932 894 pronomen
953 806 1003 872 rol
1025 807 1169 875 releren-

12 948 18 961 ·
62 924 144 993 ilum
174 925 287 1017 putori
311 937 346 991 et
376 922 555 1012 legitimum
583 924 758 989 sconsstiri
780 927 920 1012 regimen
944 927 1044 993 serbo
1071 928 1168 1011 μύρε-

59 1048 135 1113 σθαι
158 1044 283 1113 rddidi.
318 1043 521 1111 Hermsnnns
543 1041 623 1131 quid
646 1041 687 1110 (lo
712 1043 775 1110 hoc
798 1047 943 1112 carmine
960 1052 1109 1116 statuerit
1132 1051 1167 1117 in

61 1164 241 1257 opusculis
257 1164 437 1232 diiudicare
453 1186 598 1253 nequeo,
623 1186 723 1253 quum
737 1189 849 1233 eornm
862 1168 1023 1235 solumina
1032 1170 1114 1237 mihi
1127 1170 1167 1235 erl

60 1308 182 1355 menne
200 1308 266 1353 nun
282 1287 359 1353 sint.
405 1285 495 1351 vot
516 1282 661 1365 γρασσὸς
680 1284 825 1376 depicto
845 1288 1053 1380 anaglypho,
1077 1303 1170 1358 utet

59 1412 99 1477 in
114 1408 183 1488 IX,
201 1412 257 1475 ⁵9.
280 1405 424 1489 νρασσῒιν
438 1404 552 1483 σέρις,
578 1404 737 1473 intellexit
749 1407 942 1475 Welcksrns
955 1409 1040 1498 Syll.
1053 1412 1166 1503 Epigr.

59 1554 102 1621 p.
118 1531 201 1608 162,
225 1548 325 1618 quum
341 1547 501 1593 msrmors
517 1525 664 1592 colorum
683 1538 797 1595 crustu
816 1528 956 1596 obducta
973 1530 1071 1598 luisse
1089 1553 1168 1599 con·

58 1662 143 1720 stet.
191 1646 292 1715 (luins
319 1646 498 1713 sententias
518 1647 647 1736 ignarus
661 1647 816 1726 *γλνπός
841 1649 1047 1717 scribendum
1067 1665 1168 1743 puts·

59 1792 202 1850 rernm,
233 1766 289 1835 sed
319 1765 463 1849 νραιισός
495 1767 537 1831 sb
564 1765 627 1833 hoc
660 1770 795 1859 proprio
833 1771 992 1838 ruosbnlo
1029 1795 1089 1839 usn
1118 1774 1168 1842 rix

60 1893 199 1963 dinone
221 1904 401 1958 monstrent
422 1891 485 1980 Ilp.
511 1892 544 1955 in
568 1892 656 1981 App.
679 1913 710 1959 c.
730 1895 809 1961 356.

522 2010 632 2093 πατέρ’
653 2011 799 2078 Εὖσόνιιν
820 2014 974 2113 τεθνεῶτα

115 2166 121 2175 ·
161 2132 317 2208 somus
339 2134 524 2213 ὑμνήσωμεν
546 2133 600 2199 ε’νὶ
624 2134 773 2210 σσιίλαισι
795 2135 983 2219 γραφέντα,

65 2257 127 2324 nbi
152 2257 301 2347 corripe:
324 2254 401 2330 tri,
425 2253 529 2321 Ioscr.
554 2253 674 2343 Adesp.
701 2258 742 2323 Δ.
759 2257 794 2321 Ρ.
815 2257 898 2335 Vll,
924 2260 1002 2324 279.

161 2381 287 2444 Παῦσαι
305 2375 375 2452 πρὸς
393 2373 513 2457 ἐρετμὰ
531 2374 585 2440 sol
605 2374 733 2454 ἔμβολα
751 2376 822 2456 τῷδ’
840 2376 892 2441 ἐπὶ
913 2376 1029 2457 τύμβῳ

251 2498 331 2565 αἰὲν
354 2495 406 2562 ἐπὶ
429 2501 539 2579 ψυχρῇ
562 2494 792 2579 ζωνραφὲων
814 2496 944 2580 σποδιῇ·

159 2624 297 2699 νανιιγιῖι
315 2618 352 2684 τὸ
370 2626 504 2698 μνῆμα·
528 2617 561 2683 σι’
582 2625 638 2694 τῆς
658 2617 700 2682 ε’νὶ
722 2617 841 2695 κύμασι
864 2618 971 2695 λώβης

212 2808 217 2817 ,
251 2735 342 2814 οὔτις
362 2740 543 2818 ἀναμνῆσαι
565 2737 619 2803 τὸν
642 2736 729 2804 κατὰ
751 2746 813 2816 γῆς
836 2736 970 2814 ε’θὲλειςι

65 2861 164 2931 Pons.
181 2860 240 2942 ll,
260 2864 294 2930 7.
312 2864 346 2929 t.
380 2859 420 2927 ln
438 2858 648 2949 inscriptione
665 2858 783 2924 incerti
802 2871 940 2948 poene,
965 2856 1052 2923 houd
1073 2856 1172 2928 dubio

60 2994 141 3077 post
159 2980 361 3071 llolssprnm
388 2981 535 3069 scriptu,
557 2977 722 3045 lecohsins
756 3001 815 3069 pro
847 2977 913 3045 αἰέν
935 2980 1074 3046 coniecit
1102 2983 1175 3047 αἰαῖ

58 3128 111 3176 ss.
137 3108 174 3174 2.
223 3101 386 3170 l’rsestsre
410 3099 557 3167 ridetur:

192 3200 200 3209 ⁵
253 3216 357 3302 ἆξέν’
376 3220 428 3289 r’srl
448 3227 559 3305 ψυχρῇ
579 3219 769 3304 torpacion
788 3221 908 3303 σποδιῇ.

9 3398 11 3427 ,
53 3346 164 3436 Quod
196 3346 230 3412 in
260 3344 367 3436 lapide
398 3346 556 3434 scriptum
585 3354 674 3408 eret:
701 3350 829 3415 AIEN,
853 3363 919 3430 quo
950 3340 1036 3407 lecto
1068 3342 1172 3407 forms

51 3472 243 3539 literarum
264 3475 287 3537 Ξ
307 3479 339 3532 et
360 3476 374 3531 1
397 3467 447 3531 ris
467 3463 630 3531 tantillum
660 3462 781 3529 differt.
829 3461 971 3529 Verbum
994 3460 1173 3546 ζωγραφεῖν

51 3592 132 3659 hoc
161 3589 239 3655 loco
271 3588 449 3677 significet:
487 3587 567 3653 remi
602 3597 636 3651 et
668 3585 764 3650 rostri
787 3585 924 3672 effigiem
952 3585 984 3651 in
1014 3608 1174 3652 marmore

50 3708 270 3799 insculpere.
294 3711 322 3792 ¹)
366 3706 487 3775 Gooler
510 3707 607 3773 llum.
632 3702 696 3771 od.
725 3704 796 3782 Xl,
822 3709 876 3771 74.

47 3912 321 3932 W

14 4058 21 4077 ,
97 4029 126 4097 ¹)
156 4024 195 4087 Ut
213 4022 257 4098 pio
274 4040 346 4077 more
364 4021 456 4077 Graeci
474 4021 513 4075 ori
532 4031 700 4076 mortuorum
724 4018 830 4075 obolum
849 4014 939 4070 indere
958 4013 1078 4070 solebant
1096 4017 1176 4089 porti-

54 4130 114 4185 tori
135 4126 320 4196 solvendum,
347 4125 394 4201 qni
412 4125 513 4180 animos
530 4127 640 4200 Stygem
660 4122 861 4190 transvehebat,
881 4130 908 4175 et
930 4119 1013 4176 simul
1035 4139 1099 4176 cnm
1116 4121 1177 4196 ipsis

57 4231 184 4291 mortuis
203 4228 373 4285 dilectissima
399 4247 518 4308 quaeque
545 4228 610 4282 dnm
639 4231 668 4284 in
691 4229 756 4282 viris
774 4236 849 4282 erant
867 4233 916 4280 snt
939 4243 1001 4300 rogo
1027 4225 1178 4281 cremabant

8 4380 10 4419 :
59 4350 112 4397 sut
131 4334 248 4396 tumulo
266 4334 515 4405 madelmo-te
532 4353 586 4409 qno
602 4333 718 4392 conferas
731 4334 801 4390 Plut,
820 4353 871 4390 non
892 4350 964 4408 posse
977 4351 1049 4388 suar.
1069 4331 1178 4387 virisec.

928 4440 949 4506 7
