2784 5174
540 384 744 448 -101-

39 614 42 620 -
72 567 157 638 Ubi
179 568 226 635 rai
258 568 346 634 καλαὶ
372 566 555 652 γράμματα
580 570 680 661 ipsius
713 570 808 637 huius
837 573 1053 663 inscriptionis
1085 598 1190 642 versus

74 686 162 755 dici
177 687 350 770 ridentur,
375 689 493 780 qnibue
513 713 577 759 non
592 697 654 762 iem
675 694 779 784 patria
800 705 832 760 et
854 715 952 782 genus
970 694 1121 762 Baucidia
1137 697 1189 762 sed

33 802 37 845 ἶ
76 810 273 878 miaeranda
292 834 358 879 sorr
380 824 560 883 enarratur.
593 812 671 881 ldeo
694 815 907 882 rectissimum
922 827 992 888 eet:
1018 814 1097 898 κᾶμ’
1117 818 1191 901 ἐφα-

31 974 35 979 -
75 936 179 1014 pum
207 958 228 998 »
240 935 265 999 ai
288 934 383 1000 etiam
404 934 538 1025 cippum
559 933 600 1001 ab
622 935 724 1003 altero
742 936 842 1004 latere
864 938 1053 1029 inspiciae.’'
1104 939 1192 1024 Quae

39 1092 42 1098 ·
79 1053 193 1119 rerba
223 1054 368 1145 proxime
394 1054 433 1120 ad
456 1054 575 1120 codicis
601 1055 773 1123 lectionem
801 1057 846 1124 τα
872 1057 941 1136 μεθ’
963 1059 1065 1141 ὁρῶντα
1098 1078 1191 1126 acce-¹

27 1230 33 1257 ,
75 1170 203 1257 dunt;
228 1196 301 1242 nam
323 1185 416 1243 Oert
437 1184 489 1255 ‹t‚·
511 1198 616 1266 neque
637 1178 1073 1268 facileTethignoeeae.
1109 1181 1191 1248 Vni·

33 1370 43 1388 Ι,
75 1300 188 1385 g'oex
211 1295 349 1387 eleganti
368 1307 401 1363 et
425 1297 588 1386 ingeniosa
609 1297 755 1366 Salmasii
776 1302 961 1368 coniectura
992 1300 1119 1369 editur:
1144 1301 1189 1368 τα
1293 1342 1298 1357 ι

35 1432 39 1441 “
74 1414 120 1485 δύ
142 1439 193 1484 ror
212 1414 300 1483 καλαὶ
320 1413 440 1497 σώμαθ’
462 1417 564 1499 ὁρῶντι
588 1418 755 1498 onorem
778 1432 813 1486 B.
831 1423 865 1488 oi.
890 1423 1018 1503 τύχαν,
1045 1444 1107 1512 qua
1131 1444 1191 1511 pre

39 1534 189 1631 ''parte
218 1549 354 1605 assumta
385 1537 579 1605 Welolrerue
612 1539 735 1631 Syllog.
772 1565 807 1632 p.
829 1541 969 1610 XXVlll
1005 1565 1077 1632 sqq.
1113 1540 1190 1609 con·

69 1657 191 1726 -iaoira
220 1656 265 1723 τὰ
291 1656 391 1725 δέπα
423 1658 511 1725 καλαὶ
539 1658 705 1743 γράμμαθ’
737 1663 838 1744 δρῶντι
870 1662 1038 1742 ύματύταν
1059 1660 1132 1730 'uri
1157 1677 1191 1732 et

79 1775 284 1862 γράμματα·
308 1778 350 1846 de
378 1778 552 1871 anaglyphi
589 1782 727 1870 imagine
758 1783 959 1850 intellectum
992 1782 1105 1853 voluit.
1152 1784 1190 1851 ln

82 1900 206 1991 priore
233 1900 463 1990 epigrammate
492 1900 602 1968 oraine
624 1900 712 1969 edidi
744 1926 782 1970 er
805 1903 1028 1971 emendatione
1056 1901 1191 1972 Schnei=

85 2020 240 2099 denini;
274 2021 372 2088 codex
410 2025 542 2090 ττᾶλαν.
602 2022 729 2091 ibidem
770 2046 816 2093 ra.
848 2029 866 2090 7
901 2024 1123 2116 recipiendum
1157 2029 1190 2094 in

88 2139 266 2209 verberum
311 2141 480 2222 ordinem,
517 2145 603 2233 qnod
636 2144 721 2212 idem
755 2147 804 2211 vir
839 2144 1072 2213 eruditissimus
1114 2170 1192 2214 oon·

89 2263 172 2329 iecit
190 2261 310 2339 Τνλύα.
356 2262 460 2329 'l'enor
487 2265 574 2330 enirn
598 2264 700 2330 insula
734 2265 875 2346 Ionum,
901 2266 995 2333 Telos
1014 2290 1031 2332 a
1053 2242 1203 2336 Dorion-¹
1282 2329 1283 2332 ,

89 2382 182 2449 ribus
210 2381 375 2464 hebitata,
407 2406 546 2474 quorum
579 2384 719 2452 dialecto
751 2407 806 2450 nse
832 2399 880 2451 eet
910 2387 1044 2455 urinna.
1094 2390 1190 2457 vce

10 2516 35 2575 ';.
89 2503 208 2596 acripri
226 2500 323 2587 ἕτερα
344 2501 468 2580 πύλας.
503 2504 591 2595 qnod
619 2507 652 2571 in
678 2504 788 2572 codiee
810 2505 927 2593 legitur
948 2508 1050 2590 ἕτεραι
1070 2506 1188 2584 πύλας.

85 2624 161 2694 lloc
182 2625 329 2692 ornatius
349 2624 473 2693 dictum
494 2648 553 2716 pro
575 2623 664 2704 ξένα.
713 2626 777 2693 llas
800 2648 875 2692 vero
896 2628 1121 2718 inscriptiones
1140 2634 1190 2698 iu·

80 2745 178 2815 culae
204 2744 278 2813 Teli
304 2743 391 2811 haud
417 2741 515 2812 dubie
539 2745 697 2813 Leonidas
719 2770 783 2812 non
807 2749 950 2837 cognitas
973 2746 1112 2820 habuit.
1134 2752 1190 2819 red

71 2870 215 2961 primns
237 2868 272 2933 in
291 2867 459 2935 itineribus
483 2866 651 2959 descripsit
675 2869 846 2958 Meleager.
882 2869 975 2938 Unde
997 2871 1190 2963 intelligitur

67 2992 287 3083 epigramma
305 2986 509 3055 irmionem
535 2989 575 3056 Α.
597 2990 634 3059 Ρ.
648 2989 732 3069 Vll,
757 2995 810 3063 13.
843 2990 993 3079 Meleagri
1016 3016 1103 3072 esse,
1126 3017 1189 3060 non

64 3109 267 3183 Leonidae.
316 3108 388 3175 ll'uo
410 3118 481 3174 rer'a
505 3110 645 3200 elegiace
668 3112 898 3200 epigrammata
915 3114 1058 3181 eiusdem
1077 3115 1191 3205 lapidis

10 3318 15 3341 P
62 3230 279 3327 sepulcralis
311 3230 343 3297 in
368 3230 650 3320 Eurymedontem
683 3232 835 3321 leguntur
867 3235 907 3301 Α.
938 3234 975 3307 Ρ.
997 3234 1082 3313 vll,
1107 3238 1186 3302 658.

10 3354 12 3369 '
62 3358 166 3426 659.
193 3375 215 3417 a
238 3350 411 3420 Theocrito
432 3354 572 3442 scripta,
598 3354 759 3422 Leonidae
786 3355 950 3421 Tarentini
973 3355 1051 3421 item
1071 3354 1136 3435 duo
1154 3358 1187 3422 in

10 3536 22 3557 ,.
63 3470 286 3545 Pretalidam
320 3471 503 3540 Cretensem
534 3475 745 3553 A.P.v11,
772 3477 848 3542 448.
876 3478 952 3543 449.
988 3476 1020 3541 in
1055 3475 1189 3544 Cassan-

10 3565 27 3689 i
65 3596 182 3665 drnm
225 3595 258 3661 irr
294 3593 489 3685 Anthelogia
523 3595 669 3686 Gregorii
702 3595 856 3683 Magistri
871 3593 955 3674 Vll,
981 3598 1060 3666 327.
1084 3602 1188 3679 328..

65 3713 309 3787 Parmenionis
335 3714 475 3805 denique
499 3715 531 3781 in
558 3714 753 3803 lnthologia
776 3714 923 3804 Philippi
941 3716 1026 3794 Vll,
1054 3721 1130 3788 188.

33 3902 36 3907 .
177 3836 367 3920 Bagiennis
386 3834 490 3920 τάφος
510 3834 574 3917 εἴμ’
593 3834 866 3911 'mimeticon
886 3837 913 3902 δ’
933 3837 985 3901 ἐπ’
999 3838 1129 3922 ἀδελφῷ

268 3954 366 4034 Λύδης
384 3958 441 4034 riv
463 3956 623 4039 Κροκάλης
643 3955 763 4040 ἔφθασε
785 3955 969 4037 παρθενίην,

175 4077 223 4154 εἷς
243 4076 275 4145 δὲ
294 4077 385 4160 ydem
404 4077 566 4159 Ὑμέναιος
588 4077 772 4153 ἐπαύσαντο,
797 4077 857 4152 τας
880 4077 912 4143 δὲ
931 4078 1117 4157 γαμούντων

270 4199 407 4275 ἐλπίδας·
421 4203 453 4268 νύ
473 4200 615 4282 θάλαμος
637 4198 882 4282 notescerent
902 4197 1039 4283 τύψας...

77 4336 109 4389 et
132 4344 166 4392 e.
199 4325 276 4393 184.
