2784 5174
693 367 895 430 -148-

249 553 286 618 ln
311 554 402 617 cuius
433 550 563 618 distichi
590 571 683 617 terso
713 552 837 617 minore
868 548 1269 620 scribendum2tmrav
1289 559 1350 625 τοῖς

247 671 341 759 χοίριν
355 673 525 740 -ιίντιδιδου,
571 669 636 739 Sed
657 669 864 761 Bacchylidis
887 668 1054 761 inscriptio
1075 672 1118 742 Δ.
1131 671 1169 742 Ρ.
1183 671 1252 754 vl,
1274 676 1351 741 313.

250 818 254 823 ’
336 794 432 876 Κοίρν
451 791 640 866 Πάλλαντος
663 792 848 871 πολυώνυμε
867 789 981 858 τίτνιοι
1003 791 1086 867 Νίνον
1335 802 1340 807 “

304 924 306 929 ’
425 913 566 998 πρόφρων
589 912 762 996 Koplanion
785 910 950 997 ἱμερόεντα
972 910 1065 996 χορόν

246 1067 250 1071 ·
334 1036 400 1102 οιίὲν
422 1034 626 1110 ἕτοττειίοις,
649 1033 767 1109 τολίοις
790 1033 818 1101 δ’
841 1035 874 1099 ἕν
894 1034 1051 1117 οίίνίρριοοοι
1071 1033 1227 1102 Μουσέων

424 1157 505 1240 Κυρίῳ
527 1154 692 1241 οίριφιτίίει
717 1154 901 1239 Βοικχυλίδρ
924 1152 1123 1240 στεφάνους,

243 1276 383 1365 intelligi
403 1279 517 1366 nequit
537 1276 599 1342 nisi
618 1275 658 1342 de
677 1275 779 1344 cboro
800 1275 987 1343 solemniter
1009 1275 1092 1343 leste
1104 1274 1158 1342 die
1179 1273 1222 1341 ad
1244 1274 1348 1343 locnm

244 1398 399 1487 religione
430 1398 568 1464 alicuius
595 1398 655 1464 Dei
684 1397 828 1465 nobilem
860 1398 948 1464 mitti
978 1396 1086 1465 solito'
1103 1418 1180 1464 cnm
1209 1398 1349 1466 carmine

245 1517 449 1607 Bacchylidis
469 1517 672 1609 prosodiaco.
720 1520 763 1587 Et
784 1518 918 1585 fortasse
937 1520 972 1585 in
991 1519 1170 1586 certamine
1192 1518 1345 1596 Deliaco,

242 1661 311 1729 quo
332 1663 441 1706 omncs
471 1639 695 1708 commeabant
725 1641 841 1708 Graeci
874 1640 952 1707 sicit
981 1638 1202 1729 Bacchylides.
1216 1648 1253 1707 et
1275 1640 1344 1709 (lor-

245 1760 445 1828 theeensium
469 1759 585 1828 chorus
601 1765 644 1845 ¹).
693 1761 753 1827 vir
777 1762 864 1828 enim
885 1759 1000 1827 dubito
1024 1762 1104 1852 quin
1133 1773 1225 1830 recte
1251 1762 1343 1852 Berg-

243 1883 317 1949 bins
339 1883 450 1971 Lyric.
477 1882 592 1952 Graec.
616 1906 651 1972 p.
673 1885 751 1951 832.
777 1881 997 1951 emendaverit
1019 1881 1140 1950 codicis
1174 1883 1343 1951 lectione!

245 2000 386 2086 τρίφρονν
402 2001 586 2086 Κροιννοιίων.
635 2001 726 2090 Quod
747 2026 846 2092 quum
865 2005 898 2069 in
921 2011 1067 2086 Κρουνῶν
1085 2016 1273 2086 materen,
1293 2020 1343 2096 μ’*

245 2146 317 2189 rum
339 2125 485 2214 reputavi
516 2123 579 2190 hoc
602 2147 661 2211 pro
690 2121 888 2212 Bacchylide
917 2139 950 2191 ct
970 2134 1031 2215 pro'
1058 2125 1201 2216 simplici
1233 2122 1344 2209 inscri-

244 2245 361 2335 ptionis
386 2242 636 2310 conscribendae
658 2244 783 2310 ratione
806 2245 902 2311 nimis
923 2245 1051 2314 erudite
1072 2245 1113 2313 de
1140 2244 1344 2315 Atheniensi-

245 2366 305 2432 bns
334 2366 456 2433 dictum
484 2388 563 2433 esse.
612 2363 675 2432 Sed
702 2366 821 2454 scripto
850 2366 1023 2449 Koplanion
1047 2367 1205 2436 dialectos
1242 2368 1345 2436 lenior

243 2510 302 2578 per
325 2487 430 2555 omnia
451 2485 649 2555 restituendo
674 2501 756 2555 erat.
805 2486 897 2571 Quod
918 2487 980 2552 feci
1008 2488 1042 2557 in
1068 2486 1181 2570 κουροι,
1206 2488 1297 2556 Νίνου
1317 2501 1346 2557 et

243 2612 385 2674 Μουοῖιν.
440 2607 554 2698 Neque
582 2606 887 2699 praetermittendae
921 2606 984 2674 hoc
1013 2607 1085 2676 loco
1116 2590 1344 2701 inscriptiones

243 2726 416 2794 Simonidis
440 2730 480 2797 A.
498 2728 536 2796 Ρ.
558 2729 627 2807 Vl,
653 2732 733 2799 213.

200 2832 203 2837 ’
329 2847 392 2926 Ἓξ
411 2849 463 2916 ἐτί
487 2849 699 2925 τεντνίκοντοι,
725 2848 901 2928 Σιμωνίδη.
927 2849 1000 2931 νίνου
1022 2847 1152 2933 τοιδρους
1188 2858 1193 2865 ’
1252 2888 1255 2919 ;

423 2970 475 3036 real
500 2968 669 3053 τρίποδος,
693 2970 764 3052 τρίν
786 2968 867 3036 τόνδ’
892 2969 1057 3050 ἀνθέμενοι
1081 2971 1231 3038 τίνοονιοι·

237 3159 486 3171 —u—-Q-fl

276 3271 299 3341 ¹)
318 3247 356 3324 bc
373 3266 533 3326 carminibus
551 3288 568 3326 a
585 3265 719 3325 Simonide
732 3270 834 3348 scriptis
853 3279 886 3328 nt
905 3271 933 3326 in
952 3270 1078 3347 penegyri
1097 3268 1205 3326 belioco
1224 3252 1348 3326 caemen-

239 3381 287 3429 tur
305 3394 320 3428 a
338 3373 422 3428 choris
440 3374 547 3449 publice
565 3374 672 3431 erariis
691 3377 812 3434 Graeciae
829 3375 982 3433 civitatibus
1000 3375 1097 3433 Delum
1115 3373 1203 3430 missis
1221 3374 1349 3452 interpre-

238 3478 319 3533 tanda
338 3477 467 3553 putabam
481 3476 616 3533 Strabonis
634 3477 712 3535 verbe
729 3482 794 3550 XV,
814 3481 869 3536 728
887 3486 915 3538 B.
936 3485 1064 3554 ταφῆναι
1085 3478 1203 3558 λέγεται
1221 3478 1350 3556 Μέμνων

238 3585 305 3659 περὶ
321 3584 441 3639 notter
469 3585 580 3658 Συρίοις
602 3583 680 3659 πυροί
703 3584 835 3640 Βάλανον
863 3584 915 3656 (ita
938 3583 1152 3641 Schneidewinus
1181 3584 1349 3659 emendavit)

238 3689 388 3764 ποταμὸν,
410 3687 449 3754 ὣς
466 3691 565 3767 εἴρηκε
587 3690 756 3764 Σιμωνίδιρς
774 3689 807 3746 ἐν
823 3689 977 3765 Μέμνονι,
1007 3689 1188 3770 διθυράμβῳ
1207 3692 1273 3751 τῶν
1289 3695 1350 3765 Aq-

166 3817 169 3823 ·
238 3798 361 3856 λιακῶν.
398 3801 451 3852 Ηοο
470 3795 554 3871 igitur
570 3814 675 3852 carmen
702 3795 731 3851 in
749 3794 844 3852 bacchi
861 3795 984 3852 bonorem
1009 3795 1038 3851 in
1058 3795 1144 3851 insule
1163 3796 1230 3851 Delo
1259 3807 1346 3854 cenu-

238 3911 299 3957 tnm
327 3899 483 3968 videbatur,
511 3909 613 3955 coetera
636 3897 744 3957 fortasse
762 3921 830 3978 quae
848 3900 945 3958 inboc
971 3919 1056 3955 unum
1080 3907 1160 3976 caput
1185 3886 1347 3978 collegerant

238 4003 423 4080 grammatici,
448 4018 555 4078 paeanos
578 4013 661 4059 erant.
698 4004 748 4060 Sed
772 4005 800 4061 in
822 4016 940 4081 tempore
963 4000 1038 4062 rideo
1062 4004 1301 4064 Schneidewinnm
1319 4008 1345 4063 in

236 4108 455 4166 commentatione
478 4108 511 4162 de
534 4107 681 4163 Aristotelis
700 4109 777 4183 Peplo
805 4131 830 4186 p.
847 4115 892 4166 to.
919 4111 1007 4165 locum
1035 4107 1170 4165 Strabonis
1191 4109 1232 4167 ita
1252 4109 1345 4167 consti·

237 4216 335 4270 tuisse:
356 4212 394 4278 ὡς
412 4214 510 4290 εἴρηκε
533 4212 704 4288 Σιμωνίδης
724 4212 755 4268 ἑν
775 4216 907 4291 Μέμνονι
928 4214 1101 4293 διθυράμβῳ
1122 4219 1174 4274 καί.
1199 4220 1306 4295 Σῆμος
1331 4215 1344 4272 ν’

237 4320 349 4392 Διίίιος
365 4319 396 4378 ἐν
408 4359 416 4378 .
429 4359 437 4378 .
450 4357 457 4379 .
470 4359 478 4377 .
498 4318 556 4374 τῶν
574 4319 743 4392 Antiensis.
1384 4320 1386 4325 ⁴
