2784 5174
594 327 796 388 -150-

237 510 276 578 οἵ
289 515 316 579 οἱ
336 513 386 579 ἐπ’
402 513 577 594 ’ἀνθρώπους
600 510 716 589 ὄνομα
739 510 877 576 κλννὸν
898 507 1032 591 άνλοοάν
1054 534 1094 576 τε
1113 507 1203 575 visas

326 632 434 700 ἕκοοτο
457 637 606 701 Metonis
628 634 747 708 θῆκοον,
770 630 963 717 ἰοστεφάνων
984 629 1094 699 θεάων.

145 753 196 824 dd
217 756 434 846 integritatem
457 756 542 821 enim
563 754 783 845 inscriptionis
805 752 953 820 desidero
969 756 1174 821 mentionem
1193 774 1242 820 cc·

145 879 202 956 ni,
228 876 293 941 sire
317 860 456 941 nominis
478 875 537 939 riri
553 896 618 963 qno
646 873 813 941 Archonte
835 876 1005 965 Eponymo
1034 874 1071 941 in
1092 873 1158 941 boc
1178 895 1241 943 cor·

145 999 264 1065 tamine
284 995 456 1063 chororum
479 994 709 1063 orbicularium
738 998 803 1063 sive
826 995 1145 1086 dithyrambicorum
1170 994 1240 1063 sicit

145 1119 247 1187 tribus
266 1115 561 1184 Acamantidarum.
604 1115 690 1183 ’Νοω
714 1117 820 1206 primo
841 1139 933 1184 versu
958 1114 1099 1183 πολλάκι
1116 1115 1155 1194 δή
1171 1136 1235 1183 cum

144 1239 244 1307 serbo
265 1235 467 1314 ἀνωλόλυξαν
487 1235 551 1303 hoc
570 1259 663 1303 sensu
683 1237 773 1328 iungi
790 1239 905 1328 nequit
925 1251 962 1305 ut
981 1237 1088 1305 multo
1108 1237 1235 1305 clamore

142 1359 322 1428 victoribus
344 1359 534 1450 applausum
557 1382 624 1426 esse
656 1358 796 1430 dicatur.
842 1359 915 1426 Imo
939 1380 1050 1426 sensus
1072 1372 1144 1427 est:
1175 1359 1231 1426 lan

144 1503 239 1571 saepe
261 1493 363 1547 antea·
381 1480 413 1545 in
437 1478 659 1569 superioribus
688 1476 919 1547 certaminibus
950 1479 1028 1547 aicit
1059 1480 1231 1549 acamanti-

147 1601 259 1667 dnrom
282 1599 384 1666 tribus
402 1612 435 1665 et
452 1621 561 1665 rursus
580 1599 644 1666 hoc
665 1622 764 1671 anno.
811 1597 932 1668 Confer
949 1600 1115 1673 Simonid.
1139 1602 1180 1670 A.
1202 1602 1231 1673 Ρ.

146 1722 217 1821 Vi,
243 1726 276 1790 2.
304 1719 385 1800 τόξον
403 1757 449 1770 -
466 1719 605 1803 πολλάκι
629 1721 665 1799 tt
687 1720 854 1790 στονόεντα
874 1723 966 1791 κοντοὶ
991 1722 1102 1795 κλάνον
1123 1727 1235 1809 Hamis

145 1840 259 1924 οοῖμοτο
278 1840 472 1922 λουσάμενοι.
502 1840 631 1913 callim.
656 1842 699 1911 fr.
719 1845 800 1912 201.
822 1841 964 1910 πολλάκι
979 1843 1017 1920 δὴ
1037 1842 1159 1927 λύχνον
1178 1848 1236 1912 πῖον

146 1965 271 2044 ἔλεοξοον
298 1963 375 2047 ἔνο,
409 1977 444 2031 ut
476 1977 562 2031 recte
591 1963 773 2031 emendavit
806 1963 1084 2035 Schneidewinus.
1131 1965 1237 2057 Inepte
1264 1984 1268 2061 ξ

148 2110 279 2179 quoque
309 2110 418 2154 omnes
443 2099 605 2176 quotquot
627 2087 716 2176 prius
742 2087 879 2153 victores
906 2087 1099 2154 exstiterunt
1132 2098 1240 2178 poetae
1266 2118 1268 2123 ·

145 2223 179 2278 ct
195 2210 371 2276 choreutae
391 2231 455 2274 ona
472 2207 558 2274 bunc
579 2206 737 2298 tripodem
756 2206 919 2275 dedicasse
937 2206 1110 2279 dicuntur..
1153 2206 1241 2279 Unde

144 2332 286 2399 coniicio
311 2344 384 2422 post
407 2352 531 2397 versum
563 2341 715 2418 quartum
740 2328 893 2397 excidisse
915 2328 996 2396 duos
1015 2350 1147 2411 versus,
1171 2330 1242 2421 qoi-

145 2453 206 2519 bus
222 2451 388 2518 archontis
409 2472 524 2517 nomen
543 2451 579 2515 'et
596 2463 709 2539 poetae
735 2446 1029 2543 ch'oreutarumquo
1045 2452 1244 2527 mention·

144 2574 327 2663 complexus
357 2583 404 2638 est
431 2569 625 2639 Simonides.
677 2572 725 2638 Eo
758 2571 966 2639 referendum
995 2563 1023 2638 οἳ
1045 2609 1093 2623 -
1116 2573 1248 2652 ossam

147 2707 183 2759 ut
213 2705 300 2760 recte
329 2691 490 2781 scripsisse
513 2689 640 2757 ridetur
664 2692 828 2759 Rentlci'us
856 2705 891 2761 et
912 2693 1027 2768 κείνους
1045 2733 1094 2745 -
1109 2693 1248 2778 deipara,

146 2813 233 2905 quod
264 2813 425 2902 ingeniosa
459 2812 643 2877 coniectura
673 2816 813 2880 mutavit
842 2815 999 2905 Bergkins
1030 2816 1089 2882 in:
1130 2817 1247 2895 άῆκοον·

145 2932 308 3007 Κοκυννεύς
339 2931 365 2997 δ’
393 2931 573 3010 Ἀντιγένης
603 2937 641 3020 1).
689 2936 733 3001 At
762 2936 896 3025 Bergkii
924 2936 1187 3024 emendationem
1215 2937 1249 3005 in

148 3069 270 3125 textum
298 3053 444 3144 recipere
469 3076 533 3118 noo
562 3055 684 3133 ausim,
710 3054 796 3145 quod
820 3057 861 3124 de
881 3057 1014 3150 singuiis
1036 3058 1150 3126 verbis
1179 3082 1251 3129 rer·

146 3197 375 3266 annm-,qoos
401 3174 549 3264 equidem
581 3174 796 3243 intercidisse
818 3190 945 3258 statuo,
980 3176 1089 3245 omnia
1127 3181 1249 3248 incerta

183 3528 206 3596 ²)
225 3523 319 3579 Lenius
338 3521 421 3597 foret,
440 3525 463 3581 si
481 3524 580 3600 gentile
597 3524 699 3581 nomini
716 3526 819 3602 proprio
835 3524 987 3583 addendum
1005 3525 1093 3596 foret3
1111 3545 1247 3606 mponeret

145 3627 293 3701 ossanna
305 3635 395 3696 Κοῖος
409 3631 436 3688 δ’
453 3627 620 3711 Ἀντιγένης
639 3629 697 3689 κτὲ.
734 3631 819 3708 quue
836 3651 888 3687 non
905 3630 1080 3709 improbabile
1094 3632 1182 3691 rideri
1193 3652 1254 3712 pot-

142 3736 185 3792 sit.
200 3806 206 3822 ι
223 3739 257 3791 Et
280 3733 334 3791 fuit
360 3756 446 3815 quum
471 3736 521 3793 hoc
542 3756 637 3792 nomen
661 3735 860 3819 restituendum
880 3753 934 3814 esse
959 3718 1083 3811 potarem
1111 3738 1266 3805 Aristoteli

143 3841 213 3916 apud
240 3840 312 3917 Diog.
340 3846 367 3896 L.
386 3846 431 3912 11,
451 3844 494 3910 46.
532 3842 670 3921 Πινδάρῳ
697 3839 877 3915 ἓφολονείκεο
904 3838 1135 3917 Ἀμφομὲνηοό
1153 3842 1268 3921 Κοῖος,

143 3946 193 4001 Sed
209 3945 256 4002 boc
271 3928 398 4003 incertius
417 3965 470 4004 esse
487 3947 542 4031 ipse
559 3948 648 4030 fateor.
687 3948 789 4004 Cestios
803 3967 863 4004 vero
875 3946 1044 4003 scribendum
1058 3966 1130 4005 esse:
1152 3948 1268 4015 dKet·

145 4072 192 4116 ος,
213 4047 352 4106 Simonidis
377 4061 404 4106 et
422 4051 584 4129 Bacchylidis
603 4050 702 4108 cadem
718 4031 806 4110 insula
824 4057 873 4109 Ceo
890 4028 1067 4109 mirandorum
1086 4056 1201 4134 aequalis
1236 4073 1268 4120 or

32 4161 34 4165 ’
143 4157 243 4214 amicus
260 4157 307 4235 qni
326 4156 453 4234 graviores
472 4159 552 4217 etiam
574 4177 637 4216 cum
663 4158 886 4232 poetaThebano¹
901 4160 961 4218 lites
980 4148 1125 4220 escendisse
1144 4161 1268 4224 videtm

141 4271 168 4318 et
186 4262 262 4320 risos.
