2784 5174
703 365 907 428 -112—
977 318 980 322 ⁵

262 569 477 648 uterpretatus
509 565 599 625 erat:
636 573 752 642 »quae
777 553 859 617 viros
886 550 973 639 cogit
1002 569 1116 614 aurum
1150 548 1213 636 ipsi
1245 547 1351 617 effun·

249 677 346 758 dere,
379 678 462 743 viros
484 677 593 764 itaque
618 693 791 760 emungens
802 674 839 751 ‚'’
863 682 973 759 postca
1001 669 1035 734 in
1067 666 1152 737 add.
1177 667 1219 734 ad
1243 669 1288 740 A.
1310 670 1348 742 P.

249 798 387 865 coniecit
408 793 644 878 οἱμεργομέυηυ,
670 790 782 860 eodem
805 792 871 857 iere
893 812 998 857 sensu.
1024 787 1145 857 Contra
1163 788 1347 859 tteinetius

249 918 288 985 ed
311 916 383 985 Del.
406 917 517 1007 Epigr.
541 938 576 1006 p.
602 914 663 979 187
687 933 814 979 versum
838 910 957 977 iniuria
980 911 1107 976 insitii
1130 910 1345 1000 suspicionem

247 1038 423 1106 adductum
445 1060 512 1104 esse
527 1035 660 1102 statuit:
682 1031 923 1101 Sthenelaidem
943 1034 1031 1099 enirn
1047 1032 1087 1097 iis
1104 1033 1161 1125 qui
1176 1031 1248 1099 eius
1270 1053 1345 1100 con·

247 1157 449 1229 suetudinem
470 1168 688 1247 oppeterent,
719 1152 849 1220 divitias
878 1175 948 1219 suas
974 1175 1011 1220 ex
1036 1154 1180 1243 corporis
1211 1166 1344 1243 quaestu

247 1276 404 1354 collectas
417 1252 557 1356 iactare,
583 1296 648 1365 quo
674 1274 777 1340 maius
797 1272 994 1340 amatoribus
1013 1273 1153 1363 paetiurn
1173 1286 1344 1365 extorque·

247 1412 309 1469 ret.
357 1397 459 1472 Multa
480 1410 555 1465 sunt
581 1418 663 1487 quac
689 1393 767 1462 huie
787 1395 1047 1486 interpretationi
1077 1394 1218 1466 obstant.
1268 1396 1345 1465 Ver·

247 1522 326 1593 bum
346 1500 431 1588 eninr
447 1518 617 1602 βούλεσθαι
637 1519 669 1585 in
692 1540 725 1585 re
742 1517 886 1585 Veneres
907 1515 1025 1583 dicitur
1041 1514 1082 1583 de
1104 1538 1235 1584 assenm
1255 1517 1346 1609 pusi·

248 1644 373 1722 lorum,
399 1660 534 1732 quarum
562 1637 771 1706 concubitum
802 1639 942 1730 expetis,
967 1660 1031 1704 non
1056 1637 1097 1705 de
1120 1638 1343 1718 amatorium

244 1761 344 1843 nd.
364 1761 401 1830 P.
421 1761 471 1839 V,
498 1762 554 1829 42.
578 1762 611 1829 2.
644 1757 708 1826 XII
720 1807 729 1836 ,
755 1760 811 1828 29.
839 1763 869 1828 i.
895 1761 974 1828 205.
1000 1761 1035 1828 2.
1059 1757 1098 1825 ad
1119 1781 1217 1849 quem
1238 1758 1346 1829 locum
1389 1836 1391 1851 ἶ

244 1882 407 1951 Iacobsius
431 1882 542 1950 duint.
568 1892 592 1949 t.
615 1878 669 1961 X,
694 1903 728 1970 p.
741 1882 797 1949 92.
821 1878 991 1972 adscripsit
1011 1880 1206 1952 Aristaenet.
1224 1881 1265 1962 Ι,
1293 1884 1347 1955 ld.
1389 1860 1391 1901 ³

244 2003 472 2089 σροςεχέλυσευ
503 2001 558 2080 ἡδὺ
594 2001 646 2071 sot
679 1999 714 2079 ἦν
744 2000 867 2087 σφόδρα
896 2001 1087 2084 βουλομένης
1115 2002 1151 2070 sd
1181 2001 1348 2087 βλὲμμσ.

245 2125 332 2194 unde
351 2127 385 2192 in
406 2125 517 2215 ldpigr.
544 2124 585 2194 Δ.
606 2123 643 2190 Ρ.
665 2123 714 2202 V,
739 2125 817 2192 286.
842 2128 876 2192 7.

334 2251 445 2329 podest
466 2245 529 2325 ἐγὼ
547 2243 707 2327 χαρίεσσα
726 2243 795 2312 τεὸν
815 2245 914 2326 δέμας
936 2247 1045 2328 dende
1067 2246 1175 2326 ἑλίξας

424 2366 593 2446 detrudunt
616 2366 669 2442 ε’σὶ
689 2373 754 2443 σοῖς
777 2364 876 2449 dubunt
899 2366 1132 2450 βουλᾶμευος

242 2501 357 2580 poetae
388 2486 515 2556 reddidi
550 2486 754 2569 βουλομένης.
812 2490 980 2556 Praeterea
1015 2488 1130 2573 χρυσὸν
1164 2487 1350 2573 ἕρεῦχεσθου

245 2611 512 2678 translato-sensu
531 2608 656 2677 dictum
674 2609 794 2676 Graece
816 2631 879 2677 non
904 2611 1083 2702 significare
1107 2609 1237 2679 videtur
1261 2637 1285 2678 »
1299 2611 1350 2679 di·

243 2730 335 2796 vitias
357 2730 512 2796 iactare”
537 2729 591 2795 sed
623 2730 824 2819 »praedives
847 2734 953 2798 esse.”
1001 2727 1157 2822 Compara
1193 2730 1350 2801 Nicoma·
1389 2708 1391 2737 ⁵

245 2847 343 2915 chum
367 2846 527 2916 Athenaei
545 2847 612 2928 xl,
635 2850 697 2915 tat
725 2848 764 2917 F.
788 2845 810 2916 ὦ
832 2857 927 2933 χοῖρε
946 2849 1170 2932 χρυσόκλυστα
1193 2852 1248 2919 sei
1269 2876 1349 2939 χρυ·

242 2970 425 3049 erindradis,
450 2946 509 3038 ubi
528 2968 733 3037 scribendum
752 2969 896 3038 videtur:
922 2969 1158 3054 χρυσόκλυσσεζ
1183 2987 1219 3044 et
1232 2975 1348 3066 ipsunt

243 3087 446 3157 Athenaeum
464 3089 543 3168 XV.
568 3090 631 3159 601
648 3089 698 3160 0.
721 3091 883 3166 Εὔπολις·
909 3089 1069 3172 »scindes
1091 3091 1314 3176 ἐρυγγάνοντα
1325 3099 1346 3132 ”

242 3211 363 3292 λέγων,
387 3208 461 3296 ὅπερ
482 3212 498 3280 o‘
522 3211 724 3297 Θυατειρηνὸς
744 3212 913 3296 Νίκανδρος
937 3211 988 3279 ἐπὶ
1018 3218 1072 3281 σοῦ
1095 3211 1185 3293 dyas
1211 3216 1347 3298 χλιδῶν·

242 3357 294 3408 σος
314 3334 447 3416 εἲρῆσδου
466 3332 583 3401 eineder.
632 3331 681 3402 tt
703 3331 841 3399 eundern
869 3331 1000 3401 modum
1028 3334 1143 3416 χρυσὸν
1163 3335 1347 3419 §peyrusse

244 3453 395 3521 translate
429 3452 553 3519 dictum
579 3451 910 3532 anadyomenen.
959 3453 1022 3522 Sed
1054 3456 1188 3546 proprie
1222 3455 1346 3526 dictum

244 3573 405 3663 siguificat
439 3573 542 3638 >tauri
564 3595 710 3662 magnam
730 3573 795 3639 siut
819 3572 904 3664 larga
926 3597 1022 3641 manu
1048 3574 1163 3644 dare.”
1213 3577 1346 3645 Praedi-

106 3688 111 3697 ’
242 3694 346 3760 ritum
371 3705 477 3760 autern
500 3705 678 3760 amatorum
700 3695 822 3760 mentio
845 3695 1031 3785 aptissima,
1056 3709 1093 3762 ut
1113 3697 1154 3764 de
1174 3700 1346 3768 meretrice

244 3816 328 3907 apud
353 3827 480 3906 poetam
503 3815 663 3882 incertum
686 3815 727 3883 d.
752 3816 789 3884 P.
810 3813 874 3894 Vl,
902 3819 980 3884 283.
1007 3819 1038 3886 l.

334 3937 353 4012 ἡ
376 3936 411 4001 τὸ
431 3933 500 4017 πρὶν
519 3934 695 4018 υύχήσυσυ
715 3936 922 4018 πολυχρύσους
946 3936 996 4002 ἔστ’
1015 3937 1183 4020 ἐρυσσυῒς,

149 4047 154 4055 ’
245 4054 344 4122 altera
365 4054 441 4121 olim
466 4056 650 4122 coniectura
672 4078 688 4119 a
710 4078 761 4122 me
785 4059 933 4123 restituta
956 4070 1025 4125 erat
1046 4057 1127 4130 hac:

335 4174 390 4251 τὴν
413 4179 475 4250 σοῖς
495 4174 714 4255 βουλομένοις,
738 4177 853 4259 χρυσὸν
876 4178 1096 4262 ἕρσυχυμέυοις.

185 4301 192 4311 “
246 4293 338 4381 Quod
352 4317 438 4362 nunc
461 4295 541 4363 mihi
564 4296 674 4363 durius
688 4296 810 4368 dictum
826 4300 951 4368 videtur
964 4316 996 4368 et
1020 4313 1154 4392 propter
1167 4300 1349 4391 asyndeton
