2784 5174
519 372 700 433 ...31-

57 561 257 650 epigramma
278 555 380 622 multo
404 554 604 622 emendatius
626 558 657 622 in
689 556 903 648 Anthologiae
931 558 1041 625 codiee
1060 582 1155 649 quam

58 683 95 747 in
116 676 275 747 Athenaei
296 677 388 743 libris
407 675 539 766 legitur.
562 676 799 744 Illinearrumai
819 675 1029 761 τοχὺςῖττος
1052 682 1154 759 νε.1’,

58 823 108 873 re.
137 803 158 866 2
198 799 283 866 οὐδὲν
305 796 345 864 άν
367 837 414 849 -
435 796 533 883 τοφάν
564 813 596 866 et
630 822 677 866 rs.
704 805 723 865 4
757 798 874 866 ὠδάδεν.
924 800 1019 891 Apud
1053 799 1157 870 Athe·

55 944 175 989 naeum
198 920 317 1010 legitur
343 919 450 1000 μέρος
475 916 592 994 ἵππος,
627 913 671 988 aa.
692 923 713 987 2
743 920 880 1002 χρηστὸν
900 918 984 988 οὐδὲν
1006 919 1046 986 άν
1067 946 1098 987 τ.
1124 933 1159 987 et

57 1056 108 1110 te.
128 1047 149 1110 t
172 1039 302 1115 ὥδυδάς.
341 1032 469 1107 lurerea
491 1041 560 1106 rioe
581 1062 618 1107 er
646 1038 813 1107 Athenaeo
845 1040 921 1108 dedi
954 1064 1001 1112 ra.
1020 1043 1042 1109 3
1062 1045 1157 1109 τοῦτ’

57 1163 173 1243 ἔλεγεν
194 1184 255 1252 pro
277 1165 363 1230 τοῦτ’
386 1160 498 1240 ἔλεγεν
522 1165 555 1228 in
586 1159 687 1230 Anah.
717 1176 750 1229 et
777 1162 876 1237 τέκοις
902 1186 947 1232 rs.
967 1165 988 1229 2
1023 1185 1083 1253 pro
1104 1163 1156 1229 ri·

57 1308 131 1361 κον,
164 1305 260 1374 quam
292 1284 437 1350 vitiosam
467 1283 638 1350 lectionem
671 1286 832 1373 corrigere
863 1286 1069 1372 neglexerant
1096 1282 1157 1348 riri

57 1405 162 1474 docti.
208 1403 413 1472 Adiectitum
443 1402 541 1487 σοφόν
560 1403 782 1494 aptissimum,
807 1405 953 1493 ineptum
982 1425 1059 1471 tero
1077 1426 1156 1486 χρη-

56 1523 145 1591 στόν.
194 1524 290 1595 Veh
320 1510 404 1614 apud
428 1523 630 1592 Athenaeum
654 1525 699 1591 ita
726 1524 865 1615 scriptus
897 1537 963 1592 eet:
997 1523 1155 1606 τοιγάρτοι

56 1644 224 1730 στεφάνων
255 1645 345 1724 δόμος
377 1644 497 1730 ἔβρυεν.
547 1644 610 1715 sot
645 1644 772 1713 aodioes
800 1650 972 1728 remouit.
1021 1647 1157 1735 Propter

56 1764 150 1845 δόμος
175 1766 336 1834 Iaeoheiue
365 1768 494 1856 scripsit
517 1766 634 1849 μέγαρ’
657 1764 765 1847 ἔβρυεν
786 1788 844 1856 pro
875 1765 997 1833 codicia
1018 1765 1156 1833 Palatini

56 1885 219 1955 tectione:
243 1888 350 1967 μέρος
370 1888 497 1971 ἔβρυεν,
524 1887 577 1956 red
600 1881 732 1957 domum
752 1900 866 1977 poetae
884 1886 938 1954 hio
957 1886 1063 1954 minue
1083 1899 1158 1978 apte

57 2009 232 2076 memorari
250 2012 313 2076 ianr
329 2009 370 2076 ah
391 2010 464 2077 aliie
481 2012 653 2081 monitum.
700 2009 880 2080 hieinehiuo
898 2008 1023 2078 Deleot.
1044 2009 1156 2100 Epigr.

57 2152 95 2220 p.
109 2133 184 2201 155.
209 2133 391 2199 eoniurctie
411 2131 629 2223 Anthologiae
647 2144 680 2198 et
692 2131 850 2199 Athenaei
866 2130 1059 2200 ieotionihuo
1077 2133 1157 2198 sori·

57 2250 203 2319 bendum
216 2254 373 2323 coniecit:
397 2251 510 2336 τοιγάρ
532 2253 593 2320 ὑπὸ
612 2249 780 2335 στεφάνους
793 2251 890 2331 δέμοος
910 2250 1028 2334 ἔβρυεν.
1055 2251 1159 2340 tuqui-

57 2371 136 2440 dem
152 2374 355 2442 redeundum
377 2386 458 2464 pato
471 2376 508 2439 ad
523 2375 718 2440 sanissimam
740 2371 860 2440 codicis
882 2373 1075 2440 lectionem:
1100 2372 1157 2450 μέ·

56 2516 124 2571 γους
146 2492 273 2577 ἔβρυεν,
299 2493 436 2583 reliquis
459 2492 504 2559 ita
526 2493 671 2581 seriptis:

148 2612 333 2696 retraetari
352 2610 527 2696 στεφάνους
550 2611 656 2691 μέρος
677 2611 807 2693 ἔβρυεν,
833 2607 904 2693 εἶχε
923 2610 954 2676 δὲ
974 2611 1067 2691 κιττῷ

240 2734 383 2813 μέτωπον
399 2727 509 2815 οἷάτερ
530 2733 570 2798 σὺ
593 2731 824 2812 κεκροκωμένον.

63 2851 112 2919 lta
141 2853 243 2925 anth.
274 2853 364 2923 Plan.
391 2858 448 2922 54.
473 2857 507 2924 7.
541 2850 671 2928 ποδήρει
694 2848 789 2932 τάχοο
806 2849 931 2932 χαλκὸς
955 2851 1006 2917 ἐπὶ
1027 2851 1156 2934 στέφος.

67 2971 205 3042 Primum
227 2975 313 3041 enim
344 2976 466 3042 mentio
486 2971 632 3039 facienda
652 2983 720 3038 erat
740 2972 870 3038 virtutis
889 2974 1055 3060 poeticae,
1081 2973 1158 3038 bea·

73 3103 119 3158 tae
136 3095 253 3185 ingenii
284 3116 408 3173 aenae,
441 3093 612 3183 largaeque
633 3079 823 3158 facetiarum
848 3094 961 3182 copiae
984 3114 1063 3182 quas
1083 3094 1158 3157 rino

79 3208 209 3281 debuerit
230 3212 353 3281 scilieet
375 3212 523 3281 Cratinus
542 3227 576 3278 et
597 3211 728 3279 demum
749 3224 821 3302 post
843 3210 924 3280 haee
954 3211 1158 3280 memoranda

82 3329 193 3399 riotoria
213 3347 318 3425 parta.
365 3335 475 3401 Priora
502 3333 687 3423 compleras
708 3344 757 3398 est
782 3344 876 3422 poeta
903 3333 1026 3403 rerhia:
1051 3334 1158 3413 μέρος

87 3443 193 3529 ἔβρυεν,
218 3478 300 3546 quae
328 3455 488 3546 aptissima
511 3453 551 3521 de
572 3453 706 3521 Cratino
736 3455 794 3544 qui
814 3475 903 3521 mero
928 3456 1071 3522 irritatur
1091 3466 1158 3521 tor·

89 3572 166 3638 tentia
192 3577 256 3642 ritu
276 3574 508 3664 prorumpebat
529 3587 560 3641 et
581 3578 652 3641 rivo
670 3576 795 3665 gurgite
819 3574 998 3642 exundabat
1019 3574 1158 3665 indeque

11 3717 16 3727 ·
92 3703 212 3762 eoronam
226 3696 408 3788 praemium
425 3694 550 3762 retulit.
595 3694 753 3784 Compara
776 3693 1000 3784 Aristophanis
1020 3694 1061 3761 de
1080 3694 1159 3761 Cra·

92 3803 144 3871 tino
168 3835 269 3884 tereus
300 3818 386 3907 qu.
408 3817 474 3882 526
498 3837 569 3904 sqq.
606 3828 637 3880 et
667 3815 766 3902 ipsius
790 3814 916 3880 Cratini
944 3812 1158 3900 fragmentum

91 3921 206 4001 huetium
236 3934 388 4015 fabulae,
422 3958 458 4001 er
483 3958 547 4025 qua
571 3955 698 4002 rersua:
733 3930 808 4014 ὕδωρ
830 3931 862 3999 δὲ
888 3930 981 3998 τίνων
1008 3933 1091 4000 οὐδὲν
1119 3932 1158 4001 άν

18 4123 22 4133 ,
92 4040 166 4124 'ime
185 4056 302 4140 σοφόν,
327 4056 532 4137 duetorem,
557 4055 641 4146 apud
664 4051 777 4123 Sahol.
801 4054 859 4122 rr.
885 4054 968 4146 qu.
994 4054 1017 4124 Ι.
1039 4077 1068 4126 ο.

201 4172 281 4254 ἄναξ
299 4180 483 4252 Ἄπολλον,
509 4182 568 4244 τῶν
592 4178 672 4242 ἐτῶν
694 4182 753 4243 τῶν
776 4173 958 4260 ῥευμάτων·

205 4304 373 4381 κονυχοῦοο
398 4299 521 4379 τυροὶ,
545 4296 780 4381 δωδεκάκρουνον
802 4298 838 4364 τὸ
860 4297 987 4378 ττάμυ,
