2784 5174
538 371 742 433 -125-

108 578 127 619 c
167 557 201 620 ἐν
234 558 336 640 ὀπώρᾳ
367 556 492 641 πέφυκε
515 557 671 635 γενέσθαι.
730 559 877 625 Priorum
910 559 1007 648 igitur
1037 581 1184 627 uersuum

108 698 191 744 naua
213 689 285 744 ests
313 678 421 746 Ariste
442 702 524 768 quae
546 702 598 745 mc
619 680 740 747 Dianae
759 679 922 747 dedicarit
945 680 1045 746 nullia
1065 681 1098 747 in
1119 681 1186 748 basi

109 799 249 890 scriptis
271 800 439 878 versibus,
474 800 615 868 tabulam
640 802 778 868 votivam
803 823 878 868 cum
902 803 1112 893 inscriptione
1135 803 1186 871 in·

109 942 141 987 ra
178 933 255 987 ente
285 920 374 987 basin
397 919 550 987 collocari
578 922 693 999 iussit,
727 922 845 1011 siquis
869 922 952 988 scire
975 925 1067 1013 cupit
1086 947 1186 1016 quae-

109 1062 156 1108 rm
187 1064 241 1108 me
274 1040 352 1108 deae
382 1042 595 1108 sacraverit.”
652 1039 805 1108 conferas
836 1042 970 1109 Pausan.
991 1042 1042 1121 V,
1069 1046 1125 1113 25.
1150 1048 1185 1113 2.

109 1186 146 1245 πο
170 1161 205 1229 δὲ
232 1162 289 1245 πρὸ
314 1167 376 1228 πῶν
399 1162 497 1230 ποδῶν
516 1168 571 1229 ποῦ
600 1162 722 1244 Ὁρκίου
748 1163 889 1230 πννοὶννον
918 1167 1083 1246 χαλκοῦν,
1115 1166 1185 1231 ἐπν-

109 1283 266 1368 ἒγρπππνε
290 1281 322 1349 δὲ
346 1283 478 1363 ἐλεγεῖον
500 1284 552 1349 ἐπ’
579 1284 688 1350 αὐτοῦ.
740 1284 818 1352 leni
850 1297 956 1353 antam
989 1307 1085 1352 manu
1116 1286 1184 1375 ipsa

109 1408 228 1474 catriae
250 1404 345 1472 rerba
368 1402 508 1471 sananda
530 1418 626 1471 sunt·

169 1524 312 1601 Παῖδες,
335 1522 460 1610 ἄφωνος
483 1526 557 1592 εὀῒσ’
580 1523 662 1607 ἅπερ
678 1525 791 1592 ἐννέπω
810 1525 848 1592 οἵ
867 1550 916 1600 τις
940 1525 1068 1608 ἔρνποοο,

262 1644 372 1729 φωνὰν
394 1644 570 1727 &municas
593 1647 771 1727 κον-θεμένα
791 1647 847 1731 πρὸ
869 1646 967 1713 ποδῶν
995 1708 997 1713 ,

171 1766 305 1835 Αἰθοπίοο
327 1791 369 1847 με
390 1765 464 1852 κόροι
486 1774 613 1842 Aeaeis
635 1767 780 1843 ἀνέθηκεν
803 1768 945 1850 Ἀρίονα.

110 1886 259 1976 inscriptio
290 1884 370 1953 lreec
402 1887 531 1953 tabulae
564 1888 690 1954 votivae
728 1887 849 1954 dicitur
881 1886 974 1971 Φονοὶ
1012 1885 1182 1966 dauniae.

110 2031 139 2075 a.
164 2011 197 2077 1.
231 2029 318 2075 nanc
352 2006 519 2075 emendavi
547 2006 629 2091 ὅπερ
649 2008 773 2075 ἐννέπω.
822 2006 910 2075 Olim
931 2008 1057 2073 minore
1078 2019 1186 2074 mutu·

110 2152 170 2196 nne
190 2128 283 2196 litere
306 2138 338 2196 Τ
360 2131 394 2196 in
418 2129 577 2220 digamma
605 2129 763 2197 aeolicum
788 2151 966 2203 converso,
992 2128 1079 2219 quod
1110 2150 1185 2194 sac·

114 2250 212 2317 ssime
229 2249 352 2317 facturn
374 2273 407 2318 r.
432 2236 570 2317 Aniena.
597 2250 679 2318 llial.
706 2251 800 2319 Aeol.
823 2274 859 2341 p.
879 2255 935 2319 31.
959 2252 1181 2318 conieceram:

111 2393 137 2435 re
167 2368 309 2437 Festino
337 2368 375 2436 eci
395 2395 443 2444 πος
472 2369 589 2453 ἕρνποον.
638 2370 702 2438 Sed
730 2371 828 2437 aerbo
859 2371 994 2439 ἐννέπειν
1024 2370 1184 2461 digamma

111 2489 197 2558 idere
216 2512 304 2559 nunc
324 2492 522 2563 nonausim.
572 2491 786 2557 Plurimarnm
805 2492 1084 2570 coniecturarum,
1110 2491 1184 2579 qui·

111 2634 138 2678 ιο
169 2610 347 2680 secundum
375 2624 613 2704 pentametrum
645 2613 814 2679 restituere
844 2625 1010 2679 tentarunt
1038 2610 1184 2691 eruditi,

111 2734 202 2799 rtinra
226 2733 295 2801 sine
315 2731 416 2800 dubio
438 2756 536 2822 quam
558 2732 696 2823 protulit
720 2734 923 2801 Meinekiusa

258 2853 507 2938 οἱἙρμονλεὶὂον
530 2860 573 2922 roi
596 2851 799 2921 Σοοΰλοὰόὶδο.

112 2973 240 3066 {uidem
262 2997 361 3043 unam
383 2975 511 3043 literam
531 3000 554 3040 οο
581 2977 727 3043 traiicere
751 2977 860 3044 malim
885 2974 945 3042 hac
970 2977 1093 3043 ratione

256 3095 504 3178 οἱἙρμονλείπω
528 3101 570 3162 τῶ
595 3096 791 3173 Σοϋννῖοέδοο.

111 3216 172 3283 rod
199 3218 461 3307 patronymicum
496 3217 688 3284 llermocliti
715 3219 856 3310 epatris
883 3218 1012 3284 nomine
1042 3216 1183 3291 Σνννεῦς

112 3350 210 3429 peto:
246 3336 435 3405 Σοϋννῖοὶδοο
470 3340 610 3405 correxit
638 3337 761 3406 Keilius
791 3336 887 3406 Auel.
913 3338 1008 3426 epig.
1044 3360 1079 3425 p.
1106 3338 1183 3405 118.
1228 3392 1234 3404 ,

113 3484 136 3527 ιι
176 3459 385 3550 improbante
411 3459 572 3531 alhrensio
601 3459 686 3528 llial.
713 3459 792 3526 llor.
825 3482 860 3549 p.
884 3461 948 3525 506
973 3481 1022 3546 sq.
1049 3458 1105 3546 qui
1124 3480 1184 3524 uo·

113 3604 161 3649 na
182 3580 339 3648 Boeotico
372 3581 552 3662 Σούμενλος
573 3595 606 3648 et
628 3581 825 3664 Σοοκροὶπενς
854 3591 1033 3670 comparat.
1085 3579 1139 3648 Vs.
1163 3586 1183 3646 5

113 3714 225 3795 rptnm
246 3714 317 3771 esta
341 3699 422 3789 ᾇοὺ
442 3710 600 3787 χαρεῖσα,
627 3725 728 3793 quum
749 3700 943 3767 femininum
960 3698 999 3766 ad
1017 3699 1182 3779 tristam,

113 3850 134 3893 n
163 3823 208 3890 ad
229 3822 400 3891 donarium
418 3823 624 3891 referendum
641 3826 695 3889 sit.
744 3821 900 3911 corrige:
924 3816 947 3901 ὦ
967 3821 1006 3885 οὺ
1029 3827 1179 3902 χορεῖον.

113 3947 220 4015 rbum
240 3954 378 4029 χορῆνοον
401 3945 442 4013 de
465 3946 529 4013 diis
554 3944 678 4012 dictum
700 3944 758 4034 qui
788 3943 933 4008 victimas
960 3939 1009 4006 sel
1031 3939 1114 4006 dona
1134 3940 1182 4007 lu·

113 4082 185 4136 ntes
214 4066 380 4155 accipiunt
409 4079 465 4132 aut
491 4065 687 4132 donantibus
717 4064 853 4155 propitii
885 4076 983 4142 sunt,
1009 4061 1182 4129 illustrarit

113 4190 240 4258 ntleins
264 4185 305 4252 ad
330 4186 412 4255 (lali.
437 4186 479 4254 fr.
500 4190 577 4254 417.
603 4210 637 4275 p.
654 4189 733 4254 302.
756 4183 809 4250 ed.
829 4181 950 4250 Blomf.
998 4181 1088 4249 ldem
1107 4182 1182 4250 red·

113 4311 212 4381 adum
233 4321 351 4401 poetae
372 4311 429 4398 qui
452 4308 589 4397 Syringa
614 4309 744 4396 scripsit
771 4306 811 4375 Α.
835 4307 873 4373 Ρ.
897 4305 967 4374 XV.
993 4326 1022 4374 c.
1041 4308 1099 4374 21.
1127 4307 1179 4373 16.
