2784 5174
701 366 878 443 -627-

241 555 446 648 proloquitur
465 557 589 644 poeta.
615 551 738 620 nullam
755 572 832 620 roro
854 572 929 619 cum
948 549 1051 618 flebili
1076 558 1184 620 cantu.
1232 552 1342 639 Quum
1384 638 1386 651 Ι

241 676 340 766 igitur
360 687 468 766 postea
488 672 652 752 iteraret
674 674 806 752 ἐλεγεῖα
824 685 992 763 poetarum
1013 692 1074 739 ceu
1093 670 1180 740 idem
1196 652 1341 742 valerent

241 811 274 864 et
293 798 476 886 promiacue
509 793 763 873 adhiberentur,
787 791 842 861 set
862 795 1013 884 primitus
1032 793 1272 884 significatione
1290 793 1342 862 ‹ti-

241 917 419 985 reroiasima
444 929 573 996 essent,
607 915 700 982 anxie
729 913 933 1006 trepidarunt
952 914 1155 1005 grammatici
1184 928 1223 982 nt
1258 913 1342 983 hane

241 1060 323 1130 qnae
344 1038 419 1128 ipsis
443 1036 611 1104 ridebatur
630 1036 878 1128 repugnantiam
898 1035 1051 1104 tollerent
1073 1047 1107 1103 et
1127 1057 1228 1126 quum
1250 1036 1342 1105 vitle-

240 1172 312 1226 rent
332 1158 450 1253 eruditi
470 1159 592 1227 nullius
611 1169 837 1248 argumentum
858 1156 997 1247 elegiae,
1019 1178 1103 1247 qnae
1124 1155 1258 1246 quidem
1282 1157 1342 1226 ho·

240 1280 363 1347 micum
381 1278 528 1345 manibus
547 1289 729 1357 tereretur,
753 1277 892 1368 lugubre
915 1300 1003 1356 etse,
1026 1279 1112 1368 ipsos
1137 1278 1233 1358 illos,
1260 1300 1343 1370 quea

240 1402 403 1491 principer
426 1422 494 1466 esse
514 1398 653 1468 vidimus
674 1399 889 1490 elegiacornm
918 1400 1096 1467 carminum
1117 1411 1253 1491 poetas,
1278 1403 1342 1469 iam

241 1534 429 1612 argumento
450 1508 574 1589 diverso
592 1519 655 1589 hoe
680 1533 821 1588 metrnnr
839 1520 1024 1589 adhibuisse
1043 1533 1238 1594 statuerunt.
1277 1521 1344 1590 Alii

242 1665 318 1709 aero
341 1639 380 1707 atl
397 1642 620 1732 inscriptiones
643 1639 853 1732 sepulcrales,
879 1641 965 1712 unde
983 1643 1228 1732 explicationem
1246 1655 1346 1735 pete·

242 1776 332 1843 rant,
359 1764 574 1854 confugerunt
598 1761 698 1854 idque
716 1773 825 1843 recte,
850 1775 887 1829 ut
904 1761 986 1831 milti
1006 1762 1148 1834 ridetur.
1193 1764 1345 1852 Quorum

242 1886 432 1953 sententiam
456 1884 611 1975 explicuit
633 1885 798 1954 Horatius.

286 2006 350 2075 set
372 2020 407 2074 ut
423 2004 538 2074 eodem
559 2005 799 2097 regrediamur,
822 2027 862 2073 or
880 2027 947 2096 qno
968 2006 1072 2073 omnis
1095 2003 1175 2073 haee
1192 2003 1348 2097 disputa·

243 2129 289 2194 tio
311 2149 410 2218 quam
438 2127 600 2195 declinere
626 2148 692 2194 non
720 2128 907 2218 potuimus,
943 2126 1038 2193 nobis
1063 2126 1239 2217 proluxit,
1272 2128 1350 2197 ele·

243 2248 340 2337 giacia
357 2248 493 2315 marimo
511 2248 654 2314 numeris
673 2260 838 2339 tamquam
865 2247 1009 2338 legitimo
1024 2259 1058 2314 et
1073 2247 1208 2317 solemni
1232 2244 1349 2318 metro

242 2369 378 2459 scriptas
405 2368 501 2434 luisse
523 2367 771 2458 inscriptiones,
801 2366 881 2434 hinc
908 2390 1040 2459 qnoque
1067 2380 1213 2448 constat,
1252 2369 1348 2460 quod

242 2488 395 2555 dicuntur
420 2489 550 2569 ἕλιριΐοι
577 2500 611 2556 et
639 2485 764 2568 ἔλεγοι,
800 2510 856 2556 eae
879 2511 1010 2580 quoque
1031 2513 1114 2581 quae
1138 2491 1204 2558 clio
1235 2503 1348 2560 metro

241 2613 379 2701 scriptre
406 2622 491 2679 sunt.
547 2610 593 2677 Ut
625 2609 793 2701 inscriptio
819 2610 1012 2678 hexametris
1046 2609 1170 2680 inclusa
1200 2614 1349 2694 taryatou

241 2733 326 2821 epud
356 2728 525 2800 llemostlr.
558 2731 673 2800 Noaer.
706 2735 859 2822 ρ.1373.
887 2737 942 2803 13.
972 2733 1116 2815 dicitur,
1138 2747 1173 2803 et
1202 2735 1238 2802 in
1269 2733 1348 2804 aliie

242 2851 322 2920 locis
351 2873 432 2942 quos
460 2864 534 2919 ante
560 2873 612 2919 me
639 2851 838 2943 collegerunt
858 2855 920 2920 riri
948 2852 1062 2940 doeti3
1098 2855 1241 2946 Hesych.
1270 2858 1346 2924 ἒλι·

241 2981 340 3052 yslo,
365 2972 410 3040 rol
431 2970 590 3057 ἐπιτάφιοι
608 2975 783 3055 scottigena.
831 2976 1071 3067 Epigrammata
1093 2977 1198 3058 ἔλεγιι
1222 2976 1348 3046 dicun·

243 3108 296 3162 tur
320 3117 337 3160 a
366 3093 525 3185 Meleagro
551 3094 735 3175 t.1².1v,
757 3100 790 3166 1.
816 3101 872 3167 33.
901 3110 936 3166 et
963 3098 1102 3190 agitata
1131 3100 1178 3170 ib.
1198 3106 1232 3170 3.
1261 3104 1342 3170 130.

241 3216 388 3284 l'olliano
408 3215 476 3297 Xl,
503 3218 580 3285 130.
607 3220 640 3289 3.
674 3217 802 3286 Lucilio
832 3219 879 3289 it.
911 3240 943 3289 c.
971 3224 1048 3291 135.
1072 3225 1105 3292 3.
1142 3220 1345 3314 Apollonide

243 3337 291 3418 X,
318 3342 372 3406 19.
398 3350 430 3405 et
452 3339 647 3407 Petroniano
672 3339 835 3421 Hostilio,
860 3353 898 3407 nt
920 3341 1050 3410 ridetur
1074 3356 1172 3435 poeta
1191 3345 1344 3412 nomina·

242 3471 292 3524 tns
304 3458 417 3537 luisse,
441 3461 474 3525 iu
496 3461 726 3551 epigrammate
745 3459 871 3530 colosso
883 3460 1073 3531 llomnocoo
1085 3464 1252 3557 insculpto
1270 3464 1344 3557 pri·

242 3600 329 3646 mum
346 3578 435 3645 odito
452 3602 469 3644 a
486 3579 663 3648 Lotronnio
674 3581 707 3647 in
726 3580 864 3672 eleganti
883 3585 1155 3655 commentatione
1173 3584 1214 3654 de
1234 3587 1343 3657 llem·

241 3702 455 3769 coniectatur
480 3702 594 3790 (Paris.
620 3700 722 3788 1833)
744 3726 780 3795 p.
802 3706 881 3775 224.

329 3821 458 3898 Τούτοις
477 3828 542 3899 τοῖς
565 3820 686 3903 ἐλέγοις
708 3821 916 3909 Πετρωνιοιός
934 3848 971 3892 οε
990 3827 1122 3911 γεραίρω

419 3941 563 4021 elliam
585 3943 641 4027 3εῷ
660 3944 795 4025 murtei
813 3944 893 4029 copo
911 3944 1032 4024 traete,

329 4062 479 4146 ιιιιορόθεν
496 4063 600 4146 οὔνομ’
618 4063 701 4148 ἔχοι
722 4067 938 4143 Ἀκίλιος,
962 4068 1085 4145 Ἰταλὸς
1104 4070 1202 4155 οὲοῆρ,

417 4184 510 4251 ἀλλὰ
530 4184 571 4253 cai
592 4208 645 4266 μοι
669 4183 746 4267 ζωὴν
763 4184 850 4270 δηρὸν
868 4183 953 4267 dou}
970 4187 1113 4273 χάρισαι.

327 4305 442 4372 Πολλοὶ
465 4307 744 4390 οξιοιοοείχοοοι
767 4307 920 4389 totototo
942 4306 974 4376 el
992 4315 1019 4391 ρ’
1038 4309 1084 4378 ἔτι
1107 4309 1244 4392 Μέμνων
