2784 5174
593 363 798 424 -155-

233 545 419 628 Ἀβρότονον
441 548 585 629 Θρήϊσσα
608 550 687 626 yart
710 547 819 626 γένος·
842 549 934 616 ἀλλὰ
956 548 1099 616 τεκέσθαι

314 668 380 735 ’τὸν
401 668 509 749 μέγαν
530 668 685 744 Ἕλλησιν
707 671 789 754 Quoi
814 672 1046 752 Θεμιστοκλέσ.
1147 700 1155 737 r

148 782 211 868 Qui
245 812 352 859 sersus
381 790 533 881 leguntur
554 794 651 858 etiam
674 792 706 857 io
728 790 831 861 terh.
862 794 931 863 Pal.
952 794 1047 874 vus
1064 797 1143 864 306.
1168 805 1247 862 tam·

148 921 245 991 quam
262 911 412 1002 sepulcro
433 911 578 979 mulieris
597 912 768 1002 inscripti:

236 1031 418 1116 ‘asperam
437 1034 582 1117 Θρήϊσσα
603 1035 683 1114 γυνὴ
706 1033 821 1103 uitas·
844 1034 935 1102 ἀλλὰ
956 1035 1100 1103 τεκέσθαι

325 1154 381 1220 τὸν
395 1152 510 1234 μέγαν
529 1154 683 1231 Ἕλλησιν
704 1155 791 1238 Φημὶ
815 1155 1047 1235 Θεμιστοκλέα.

158 1259 235 1342 Pltl.
257 1272 373 1342 Tbeua.
405 1296 436 1346 o.
457 1278 490 1344 l.
535 1275 582 1344 Ut
609 1274 746 1342 Athenis
774 1275 913 1364 vulgaris
941 1275 1022 1343 baeu
1049 1274 1114 1342 fuit
1136 1277 1247 1344 inimi·

159 1388 257 1463 llttttut
286 1393 473 1470 eulampio,
507 1418 572 1485 qua
607 1393 846 1484 cleophontem
885 1397 980 1486 petiit
1015 1396 1247 1487 Aristophanes

163 1502 230 1585 lita.
249 1517 331 1586 679.
353 1526 387 1582 et
413 1515 495 1583 alios
524 1514 592 1585 alii.
637 1515 796 1583 Leonidas
827 1529 936 1582 autern
959 1518 1152 1584 Tarentinus
1170 1541 1246 1608 pru·

156 1638 218 1713 pter
233 1647 375 1703 menum
392 1637 531 1726 primam
562 1635 718 1725 syllohom
738 1637 867 1726 gentilis
886 1636 1049 1720 Θράῖσσσ,
1074 1661 1108 1706 r.
1130 1637 1247 1730 Stepb.

152 1741 232 1842 ln.
253 1756 290 1823 ia
309 1778 342 1826 a.
367 1755 562 1849 Theogaoat.
588 1757 670 1828 can.
701 1781 736 1849 p.
760 1762 813 1828 17.
841 1763 894 1829 12.
926 1782 962 1850 p.
985 1763 1042 1828 99.
1067 1763 1122 1831 25.
1146 1762 1249 1827 corri-

143 1870 231 1953 puit.
276 1876 371 1965 Quod
386 1878 429 1945 ab
449 1881 521 1970 ipso
542 1890 637 1971 poeta
656 1879 781 1946 iaoturu
802 1902 870 1947 esse
901 1879 1112 1947 libentissime
1136 1881 1246 1951 oredo.

140 1982 209 2061 Sed
232 2009 359 2066 caetera
380 2001 516 2090 quaein
541 1999 606 2067 ltoo
633 2022 698 2067 uno
718 2001 860 2068 carmine
883 2001 1055 2090 singularia
1078 2003 1246 2068 insaniun-

137 2117 220 2201 lssr,
244 2120 452 2189 librariorum
476 2123 643 2189 erroribus
666 2121 780 2190 deberi
801 2133 895 2213 pnto.
941 2123 1026 2190 lliao
1047 2122 1176 2190 fluxisse
1199 2125 1248 2189 si·

134 2227 242 2308 detur
271 2241 361 2333 quod
394 2242 520 2311 editum
547 2254 649 2310 exsut
671 2266 719 2314 ss.
739 2249 772 2312 2.
802 2241 855 2309 ἐπὶ
878 2248 922 2328 τᾷ
945 2241 1023 2325 ὁδῷ,
1057 2243 1146 2333 quod
1175 2267 1247 2311 mu·

130 2362 280 2431 badum
312 2387 426 2433 oenseo
456 2365 491 2432 in
516 2364 576 2432 ὑπὸ
598 2371 643 2450 σᾷ
669 2365 745 2447 δρυΐ.
793 2367 976 2432 Extremam
1008 2366 1095 2431 enirn
1118 2365 1247 2431 articuli
1342 2351 1343 2354 ¹

130 2485 290 2555 tonnam
321 2499 357 2555 et
387 2489 525 2578 primam
554 2486 747 2553 substantivi
776 2486 810 2551 ia
838 2508 934 2552 unam
959 2484 1115 2573 syllabam
1139 2487 1247 2555 ooale-

126 2616 233 2677 tssere
253 2632 348 2701 posse
369 2609 404 2676 in
425 2609 572 2677 versibus
600 2620 715 2700 poetae
743 2607 858 2675 doctae
880 2606 1058 2696 elegantiae
1079 2607 1246 2674 studiosis·

126 2717 220 2797 timi
249 2730 301 2797 tir
330 2728 474 2798 adducor
501 2743 537 2796 ut
559 2730 688 2797 credam
714 2751 818 2819 eoque
844 2730 952 2794 minus
982 2726 1069 2817 qood
1096 2726 1176 2796 haeo
1205 2729 1247 2793 li·

125 2851 250 2919 tentia
266 2851 453 2918 oumulatur
473 2852 576 2919 altera
597 2856 631 2917 in
652 2873 746 2918 versu
767 2849 992 2942 tertiosubi,
1018 2850 1121 2916 soeali
1141 2850 1244 2940 prima

126 3107 213 3161 tuoe.
256 3096 349 3183 Quae
368 3118 514 3187 apocope
544 3096 626 3160 mibi
655 3108 762 3161 tamen
787 3094 819 3159 in
842 3092 986 3159 Leonida
1018 3114 1081 3158 noo
1113 3093 1246 3159 ferenda

130 3211 285 3285 ridetur.
333 3216 402 3284 Neo
428 3215 602 3283 admodum
634 3214 837 3306 probandum
872 3212 960 3303 quod
984 3213 1068 3281 idem
1092 3237 1156 3302 pro
1176 3214 1245 3278 rul-

133 3332 357 3415 Sflri'ssreeo'a
378 3337 523 3404 diutione
543 3339 610 3403 ἀνθ’
633 3335 692 3412 ὧν,
718 3337 741 3401 i.
758 3358 789 3403 e.
812 3332 859 3401 ὅτι
880 3333 1020 3399 seribere
1039 3331 1154 3399 maluit
1174 3335 1244 3400 ἄντ’

144 3449 264 3524 ἐκείνων
291 3455 344 3526 ὧν.
400 3462 605 3551 Quapropter
640 3459 719 3525 haee
751 3460 857 3523 omnia
890 3479 973 3546 quae
1003 3457 1244 3546 corruptissima

150 3566 292 3646 hlltenda
323 3592 400 3645 suut
428 3579 469 3644 ab
495 3580 695 3646 acutioribus
718 3591 865 3645 sanatum
897 3579 939 3644 iri
969 3600 1077 3667 spero.
1123 3578 1245 3646 Ultima

157 3687 366 3789 inseriptioni·
388 3698 485 3766 serbe
503 3698 715 3766 describenda
734 3700 844 3765 curari
864 3722 902 3765 ex
920 3700 1097 3765 Hermanni
1117 3710 1246 3764 senten·

156 3806 189 3873 θ’·
210 3839 232 3885 a
253 3821 417 3889 Meiaelrio
440 3821 601 3912 probata;
627 3821 749 3888 codex:
775 3819 883 3901 ἔθρεψε
907 3822 1004 3898 τιμᾶν
1027 3817 1076 3884 ἔτι
1101 3819 1247 3900 χρησίμω

147 3940 304 4029 πλεσσᾷ,
330 3966 413 4034 quae
437 3968 548 4011 vereor
569 3957 605 4010 ut
626 3956 712 4010 recte
734 3940 901 4008 emendata
925 3941 1000 4007 sint.
1048 3938 1110 4006 Sed
1130 3939 1246 4007 melius

138 4050 223 4128 illd
263 4066 414 4156 equidem
456 4068 647 4155 investigare
680 4088 743 4132 non
776 4060 894 4153 potui,
931 4062 1008 4128 alios
1026 4062 1248 4153 indagatores

129 4178 207 4241 ⁶⁸⁸⁸
235 4209 297 4255 non
319 4187 448 4256 dubito.

157 4286 436 4399 Inscriptionem
461 4310 494 4375 in
523 4331 640 4399 equam
665 4306 833 4393 ἀθλοφόρον
867 4304 1013 4398 sepulcro
1037 4319 1184 4376 ornatum
1208 4330 1245 4374 ex
