2784 5174
591 392 791 454 -130-

144 583 208 649 hoo
224 582 366 648 carmine
389 581 512 646 notarit
533 582 565 645 in
585 578 711 671 ilrplio.
736 577 776 663 ad
798 578 891 645 Pind.
919 576 973 649 01.
995 578 1083 658 vlt,
1110 601 1147 669 p.
1172 580 1225 645 175

145 703 206 770 »In
228 701 303 768 Asia
327 698 527 767 Athenarum
555 700 660 792 neptis
687 699 823 788 Cyzicus
837 694 857 779 ,'
874 722 956 789 quae
977 699 1019 767 ob
1047 697 1225 767 architecta

144 840 212 890 ram
242 834 274 888 et
300 844 433 912 operum
466 824 690 912 organicorum
720 823 869 912 peritiam
905 843 980 889 cum
1011 820 1132 889 Rhode
1163 842 1224 914 spu

144 941 335 1010 Strabonem
347 941 436 1012 xlv,
461 965 495 1033 p.
509 945 574 1010 695
594 941 632 1010 O.
657 943 883 1034 componitur,
906 965 965 1032 per
982 941 1127 1013 Milesios
1146 940 1225 1012 Arta

144 1064 301 1132 niensium
325 1063 456 1131 colones
486 1064 605 1131 tradita
636 1063 700 1131 sibi
723 1064 879 1155 religione
901 1065 1091 1147 Minerrae,
1115 1063 1159 1131 ab
1185 1062 1225 1149 brt

143 1184 205 1252 sibi
229 1184 288 1253 dea
314 1185 465 1254 denotem
490 1187 567 1254 artis
599 1186 786 1254 facultatem
814 1185 949 1277 gloriata
980 1188 1067 1257 est.‘’
1115 1184 1225 1254 intelli·

143 1306 279 1396 gendum
309 1319 417 1375 autem
449 1319 556 1375 censet
586 1305 769 1375 Beeckhius
792 1307 915 1396 primae
946 1308 1035 1372 artis·
1051 1306 1225 1396 sculptoria

144 1452 223 1518 epus
245 1442 277 1496 et
296 1453 314 1494 a
335 1428 464 1496 Pallade
486 1429 553 1519 ipsa
572 1428 695 1496 iactum
716 1428 937 1519 donatumque
960 1426 1129 1517 Cyzicenis
1146 1448 1225 1519 quon

142 1551 283 1639 primum
319 1550 343 1616 ii
381 1548 537 1639 templum
567 1547 808 1629 condidissent,
846 1549 1108 1640 triangularem
1148 1548 1224 1638 igitur

143 1676 281 1762 coppam
303 1671 369 1736 sire
400 1671 641 1750 columellam,
667 1670 777 1737 triadis
814 1670 997 1739 Gratiarum
1026 1668 1221 1758 Symbolon,

144 1791 231 1859 unde
250 1802 367 1883 postea,
384 1792 529 1858 mortalis
561 1792 696 1859 alicuius
722 1792 851 1882 ingenie
871 1804 906 1858 et
934 1791 1068 1857 incente
1097 1812 1147 1857 ars
1166 1810 1222 1881 pre·

144 1928 238 2004 gnata
263 1915 345 1983 sit.'’
376 1913 508 1981 Rectius
528 1936 605 1980 rere
624 1936 685 2005 pre
704 1926 796 2004 parte
820 1911 1013 1980 Waicberus
1031 1911 1114 1982 lius.
1138 1907 1221 1979 liber.

148 2037 247 2103 1845.
270 2057 306 2125 p.
324 2038 402 2104 273.
427 2057 508 2126 epus
527 2031 590 2101 bec
609 2058 683 2102 rere
700 2034 912 2126 sculptoriam
931 2033 1028 2100 fuisse
1046 2044 1156 2123 putat,
1177 2044 1222 2098 str-

144 2169 232 2222 toam
254 2156 415 2247 triplicem
438 2169 471 2225 et
489 2178 587 2224 unam
612 2157 818 2233 Gratiarum,
845 2157 912 2224 fere
931 2169 969 2223 ut
987 2155 1128 2224 Hecates
1147 2153 1225 2244 triga

144 2278 252 2360 minae
272 2276 452 2365 imagines,
474 2279 576 2354 erite
600 2274 641 2344 de
671 2289 775 2344 statua
798 2289 832 2344 et
855 2277 994 2367 imagine
1020 2273 1143 2344 dictum
1160 2268 1225 2341 nul·

146 2400 185 2465 tis
203 2397 418 2465 recentiorum
441 2399 636 2489 scriptorum
663 2410 696 2464 et
715 2411 882 2489 poetarum
910 2397 989 2463 locis
1011 2396 1225 2465 demonstraus·

146 2520 268 2606 Quibus
286 2518 349 2586 alia
374 2542 413 2586 er
435 2519 674 2610 antiquioribus
701 2518 798 2586 dueta
824 2519 899 2586 addi
917 2532 1052 2611 possunt
1080 2541 1161 2611 quae
1179 2515 1225 2583 die

144 2641 218 2708 loeo
251 2639 387 2707 collecta
417 2637 513 2708 debe.
560 2639 723 2707 lacobsius
751 2664 825 2707 rere
855 2642 912 2731 qui
946 2640 1025 2708 elim
1053 2636 1225 2731 pronioriu

145 2760 333 2827 Rattmanni
365 2761 556 2826 sententiam
592 2761 720 2843 luerat,
751 2763 911 2852 posterius
946 2763 979 2829 in
1014 2755 1225 2829 Addendisrd

146 2879 247 2948 rioth.
273 2881 341 2950 Pal.
366 2880 406 2949 de
431 2880 520 2948 nulla
552 2881 613 2948 alia
646 2896 713 2949 arte
746 2882 798 2949 bic
838 2885 889 2974 egi
921 2885 1046 2975 putarit
1079 2906 1175 2975 quam
1197 2878 1225 2944 dt

142 3003 274 3069 navium
295 3000 560 3069 exstruendarum
585 3003 862 3094 regendarumque
889 3005 1014 3071 ratione
1034 3024 1131 3094 quam
1160 3001 1225 3091 brpr

146 3122 297 3191 traditam
320 3144 387 3191 esse
410 3145 428 3188 a
454 3122 596 3191 Minerva
618 3123 716 3214 vulpe
744 3138 888 3196 narrant.
942 3124 1103 3216 Equidem
1136 3123 1225 3215 prior,

146 3246 282 3312 maxime
315 3255 449 3335 prepter
482 3243 579 3312 serbe
614 3247 813 3329 χρυσήλατον
835 3244 958 3328 ἄχθος,
994 3268 1078 3337 quae
1101 3244 1180 3312 mihi
1199 3240 1225 3309 dt

146 3365 337 3433 columellae
356 3367 463 3457 effigie
477 3365 568 3433 dicta
590 3379 723 3458 propter
744 3369 812 3434 auri
835 3367 969 3435 laterum
997 3367 1125 3459 pondus
1150 3362 1225 3435 intel·

145 3487 201 3573 ligi
221 3510 284 3551 non
304 3509 397 3576 posse
417 3485 631 3569 ridebantur,
658 3489 737 3555 haec
759 3489 921 3581 adscripta
942 3489 992 3555 rel
1015 3490 1168 3581 inscripta
1183 3509 1225 3580 pu

64 3598 68 3605 ’
148 3608 212 3672 tasi
235 3607 320 3673 serre
341 3609 465 3698 primae
486 3609 575 3676 naris
593 3634 610 3675 a
630 3611 773 3679 Minerva
797 3612 994 3680 aedificatae.
1044 3612 1139 3698 Quod
1160 3632 1225 3678 nunt

147 3730 214 3819 ipse
235 3727 471 3820 repudiandum
499 3740 604 3820 pute,
637 3753 739 3820 quum
768 3755 884 3800 aureae
914 3733 1029 3823 effigiei
1061 3731 1225 3824 pendusir

147 3853 248 3919 maius
278 3864 403 3918 auctam
434 3853 568 3919 essenii
595 3853 712 3921 mirum
740 3855 795 3924 sit.
843 3855 1019 3922 Denarium
1041 3855 1141 3945 igitur
1160 3876 1222 3921 nnn

146 3997 220 4039 cum
245 3973 465 4054 Buttmanne,
491 3972 677 4054 Beeckhie,
707 3974 884 4043 Welolero
912 3977 1011 4043 fuisse
1039 3988 1122 4067 pute
1152 3976 1223 4042 colu

146 4091 274 4157 mellum
304 4093 487 4180 prismatam
517 4094 550 4158 in
580 4094 673 4160 cuius
704 4094 856 4163 lateribus
886 4099 1020 4188 singulis
1049 4097 1225 4188 singulsrm

147 4213 301 4291 dearum,
327 4212 485 4302 Aglaiae,
512 4212 744 4304 Euphrosynae
764 4233 797 4286 et
825 4219 958 4286 Thaliae
979 4212 1115 4287 fuerunt
1135 4222 1217 4310 imag

147 4359 213 4403 nes.
262 4333 394 4401 initium
418 4335 568 4402 carminis
593 4349 681 4411 rocta
701 4324 915 4408 But'tmennus
932 4342 1134 4411 emendaritr
