<?xml version="1.0" encoding="UTF-8"?>
<!DOCTYPE html PUBLIC "-//W3C//DTD XHTML 1.0 Transitional//EN"
    "http://www.w3.org/TR/xhtml1/DTD/xhtml1-transitional.dtd">
<html xmlns="http://www.w3.org/1999/xhtml" xml:lang="en" lang="en">
 <head>
  <title>
</title>
<meta http-equiv="Content-Type" content="text/html;charset=utf-8" />
  <meta name='ocr-system' content='tesseract 3.04.00' />
  <meta name='ocr-capabilities' content='ocr_page ocr_carea ocr_par ocr_line ocrx_word'/>
</head>
<body>
  <div class='ocr_page' id='page_1' title='image "./commentationisc02heckgoog_0139.png"; bbox 0 0 2784 5174; ppageno 0'>
   <div class='ocr_carea' id='block_1_1' title="bbox 709 357 912 419">
    <p class='ocr_par' dir='ltr' id='par_1_1' title="bbox 709 357 912 419">
     <span class='ocr_line' id='line_1_1' title="bbox 709 357 912 419; baseline 0.01 -2"><span class='ocrx_word' id='word_1_1' title='bbox 709 357 912 419; x_wconf 83' lang='lat'>-124—</span> 
     </span>
    </p>
   </div>
   <div class='ocr_carea' id='block_1_2' title="bbox 253 536 1389 871">
    <p class='ocr_par' dir='ltr' id='par_1_2' title="bbox 253 536 1391 871">
     <span class='ocr_line' id='line_1_2' title="bbox 256 536 1389 631; baseline -0.002 -24"><span class='ocrx_word' id='word_1_2' title='bbox 256 554 352 630; x_wconf 89' lang='lat' dir='ltr'>pacto</span> <span class='ocrx_word' id='word_1_3' title='bbox 383 538 500 609; x_wconf 78' lang='lat' dir='ltr'><strong>adduci</strong></span> <span class='ocrx_word' id='word_1_4' title='bbox 532 561 673 631; x_wconf 89' lang='lat' dir='ltr'>possum.</span> <span class='ocrx_word' id='word_1_5' title='bbox 730 540 828 609; x_wconf 81' lang='lat' dir='ltr'>Cuius</span> <span class='ocrx_word' id='word_1_6' title='bbox 854 540 1012 607; x_wconf 75' lang='lat' dir='ltr'>dissensus</span> <span class='ocrx_word' id='word_1_7' title='bbox 1050 539 1193 605; x_wconf 86' lang='lat' dir='ltr'>rationes</span> <span class='ocrx_word' id='word_1_8' title='bbox 1223 536 1355 626; x_wconf 72' lang='lat' dir='ltr'>singuiis</span> <span class='ocrx_word' id='word_1_9' title='bbox 1385 578 1389 595; x_wconf 72' lang='grc' dir='ltr'><strong><em>ι</em></strong></span> 
     </span>
     <span class='ocr_line' id='line_1_3' title="bbox 255 659 1354 753; baseline -0.001 -25"><span class='ocrx_word' id='word_1_10' title='bbox 255 685 321 728; x_wconf 92' lang='lat' dir='ltr'>non</span> <span class='ocrx_word' id='word_1_11' title='bbox 345 662 533 753; x_wconf 75' lang='lat' dir='ltr'><strong>explicabo,</strong></span> <span class='ocrx_word' id='word_1_12' title='bbox 558 683 659 752; x_wconf 89' lang='lat' dir='ltr'>quum</span> <span class='ocrx_word' id='word_1_13' title='bbox 675 659 758 728; x_wconf 87' lang='lat' dir='ltr'>mihi</span> <span class='ocrx_word' id='word_1_14' title='bbox 775 682 962 750; x_wconf 88' lang='lat' dir='ltr'>persuasum</span> <span class='ocrx_word' id='word_1_15' title='bbox 980 661 1021 727; x_wconf 94' lang='lat' dir='ltr'>sit</span> <span class='ocrx_word' id='word_1_16' title='bbox 1043 660 1176 727; x_wconf 88' lang='lat' dir='ltr'>criticos</span> <span class='ocrx_word' id='word_1_17' title='bbox 1197 672 1354 749; x_wconf 83' lang='lat' dir='ltr'>quotquot</span> 
     </span>
     <span class='ocr_line' id='line_1_4' title="bbox 253 778 1388 871; baseline -0.001 -23"><span class='ocrx_word' id='word_1_18' title='bbox 253 781 312 849; x_wconf 84' lang='lat' dir='ltr'>hos</span> <span class='ocrx_word' id='word_1_19' title='bbox 334 806 443 850; x_wconf 78' lang='lat' dir='ltr'>sersus</span> <span class='ocrx_word' id='word_1_20' title='bbox 472 782 535 850; x_wconf 91' lang='lat' dir='ltr'>sibi</span> <span class='ocrx_word' id='word_1_21' title='bbox 559 781 742 850; x_wconf 88' lang='lat' dir='ltr'>tractandas</span> <span class='ocrx_word' id='word_1_22' title='bbox 772 794 974 863; x_wconf 76' lang='lat' dir='ltr'>sumserunt,</span> <span class='ocrx_word' id='word_1_23' title='bbox 998 778 1185 871; x_wconf 89' lang='lat' dir='ltr'>Sapphonis</span> <span class='ocrx_word' id='word_1_24' title='bbox 1215 792 1350 847; x_wconf 80' lang='lat' dir='ltr'>mentem</span> <span class='ocrx_word' id='word_1_25' title='bbox 1382 815 1388 837; x_wconf 64' lang='grc' dir='ltr'><em>ν</em></span> 
     </span>
    </p>
   </div>
   <div class='ocr_carea' id='block_1_3' title="bbox 194 899 1391 1615">
    <p class='ocr_par' dir='ltr' id='par_1_3' title="bbox 194 899 1391 1615">
     <span class='ocr_line' id='line_1_5' title="bbox 254 899 1391 996; baseline -0.005 -27"><span class='ocrx_word' id='word_1_26' title='bbox 254 925 367 993; x_wconf 87' lang='lat' dir='ltr'>parum</span> <span class='ocrx_word' id='word_1_27' title='bbox 390 905 601 996; x_wconf 79' lang='lat' dir='ltr'>perspexisse.</span> <span class='ocrx_word' id='word_1_28' title='bbox 649 905 826 973; x_wconf 76' lang='lat' dir='ltr'>Annotarit</span> <span class='ocrx_word' id='word_1_29' title='bbox 847 903 934 969; x_wconf 92' lang='lat' dir='ltr'>enim</span> <span class='ocrx_word' id='word_1_30' title='bbox 963 900 1130 969; x_wconf 86' lang='lat' dir='ltr'>Bentleius</span> <span class='ocrx_word' id='word_1_31' title='bbox 1146 911 1289 968; x_wconf 87' lang='lat' dir='ltr'>statuam</span> <span class='ocrx_word' id='word_1_32' title='bbox 1305 899 1346 967; x_wconf 90' lang='lat' dir='ltr'>di·</span> <span class='ocrx_word' id='word_1_33' title='bbox 1386 923 1391 963; x_wconf 86' lang='lat' dir='ltr'>r</span> 
     </span>
     <span class='ocr_line' id='line_1_6' title="bbox 256 1023 1391 1117; baseline -0.004 -27"><span class='ocrx_word' id='word_1_34' title='bbox 256 1047 328 1092; x_wconf 87' lang='lat' dir='ltr'>cera</span> <span class='ocrx_word' id='word_1_35' title='bbox 350 1048 383 1093; x_wconf 86' lang='lat' dir='ltr'>se</span> <span class='ocrx_word' id='word_1_36' title='bbox 403 1026 456 1095; x_wconf 87' lang='lat' dir='ltr'>rel</span> <span class='ocrx_word' id='word_1_37' title='bbox 473 1040 598 1094; x_wconf 90' lang='lat' dir='ltr'>mutam</span> <span class='ocrx_word' id='word_1_38' title='bbox 621 1026 712 1117; x_wconf 85' lang='lat' dir='ltr'>loqui</span> <span class='ocrx_word' id='word_1_39' title='bbox 731 1048 844 1116; x_wconf 87' lang='lat' dir='ltr'>possa,</span> <span class='ocrx_word' id='word_1_40' title='bbox 870 1024 988 1113; x_wconf 82' lang='lat' dir='ltr'>siquis</span> <span class='ocrx_word' id='word_1_41' title='bbox 1009 1023 1260 1114; x_wconf 81' lang='lat' dir='ltr'>inscriptionem</span> <span class='ocrx_word' id='word_1_42' title='bbox 1277 1045 1343 1115; x_wconf 81' lang='lat' dir='ltr'>qna·</span> <span class='ocrx_word' id='word_1_43' title='bbox 1388 1044 1391 1085; x_wconf 81' lang='lat' dir='ltr'>r</span> 
     </span>
     <span class='ocr_line' id='line_1_7' title="bbox 255 1142 1391 1240; baseline -0.005 -27"><span class='ocrx_word' id='word_1_44' title='bbox 255 1160 329 1214; x_wconf 89' lang='lat' dir='ltr'>tuor</span> <span class='ocrx_word' id='word_1_45' title='bbox 349 1148 408 1239; x_wconf 89' lang='lat' dir='ltr'>qui</span> <span class='ocrx_word' id='word_1_46' title='bbox 427 1162 607 1240; x_wconf 86' lang='lat' dir='ltr'>sequuntur</span> <span class='ocrx_word' id='word_1_47' title='bbox 626 1146 789 1215; x_wconf 75' lang='lat' dir='ltr'>versiculis</span> <span class='ocrx_word' id='word_1_48' title='bbox 807 1159 1008 1213; x_wconf 79' lang='lat' dir='ltr'>constantem</span> <span class='ocrx_word' id='word_1_49' title='bbox 1029 1144 1136 1235; x_wconf 73' lang='lat' dir='ltr'>legera</span> <span class='ocrx_word' id='word_1_50' title='bbox 1155 1145 1260 1225; x_wconf 83' lang='lat' dir='ltr'>velit,</span> <span class='ocrx_word' id='word_1_51' title='bbox 1283 1159 1342 1215; x_wconf 85' lang='lat' dir='ltr'>ants</span> <span class='ocrx_word' id='word_1_52' title='bbox 1377 1142 1391 1207; x_wconf 80' lang='lat' dir='ltr'>i</span> 
     </span>
     <span class='ocr_line' id='line_1_8' title="bbox 254 1267 1382 1361; baseline -0.001 -25"><span class='ocrx_word' id='word_1_53' title='bbox 254 1268 351 1359; x_wconf 87' lang='lat' dir='ltr'>pedes</span> <span class='ocrx_word' id='word_1_54' title='bbox 381 1271 415 1336; x_wconf 92' lang='lat' dir='ltr'>in</span> <span class='ocrx_word' id='word_1_55' title='bbox 443 1270 512 1337; x_wconf 87' lang='lat' dir='ltr'>basi</span> <span class='ocrx_word' id='word_1_56' title='bbox 531 1272 694 1361; x_wconf 80' lang='lat' dir='ltr'>positam,</span> <span class='ocrx_word' id='word_1_57' title='bbox 719 1283 752 1336; x_wconf 91' lang='lat' dir='ltr'>et</span> <span class='ocrx_word' id='word_1_58' title='bbox 775 1267 815 1334; x_wconf 93' lang='lat' dir='ltr'>ad</span> <span class='ocrx_word' id='word_1_59' title='bbox 839 1267 971 1336; x_wconf 91' lang='lat' dir='ltr'>eandem</span> <span class='ocrx_word' id='word_1_60' title='bbox 1002 1288 1148 1334; x_wconf 89' lang='lat' dir='ltr'>normam</span> <span class='ocrx_word' id='word_1_61' title='bbox 1177 1267 1343 1337; x_wconf 76' lang='lat' dir='ltr'>Meinaiist</span> <span class='ocrx_word' id='word_1_62' title='bbox 1378 1312 1382 1322; x_wconf 68' lang='grc'><strong><em>«</em></strong></span> 
     </span>
     <span class='ocr_line' id='line_1_9' title="bbox 194 1387 1340 1481; baseline -0.001 -25"><span class='ocrx_word' id='word_1_63' title='bbox 194 1400 197 1405; x_wconf 80' lang='grc'><strong>“</strong></span> <span class='ocrx_word' id='word_1_64' title='bbox 254 1391 384 1480; x_wconf 88' lang='lat' dir='ltr'>scripsit</span> <span class='ocrx_word' id='word_1_65' title='bbox 417 1389 479 1456; x_wconf 90' lang='lat' dir='ltr'>hoc</span> <span class='ocrx_word' id='word_1_66' title='bbox 514 1393 709 1481; x_wconf 78' lang='lat' dir='ltr'>epigramma</span> <span class='ocrx_word' id='word_1_67' title='bbox 740 1389 938 1479; x_wconf 86' lang='lat' dir='ltr'>insculptum</span> <span class='ocrx_word' id='word_1_68' title='bbox 969 1387 1066 1455; x_wconf 84' lang='lat' dir='ltr'>fuisse</span> <span class='ocrx_word' id='word_1_69' title='bbox 1102 1389 1172 1455; x_wconf 82' lang='lat' dir='ltr'>basi</span> <span class='ocrx_word' id='word_1_70' title='bbox 1209 1399 1340 1467; x_wconf 79' lang='lat' dir='ltr'>statam,</span> 
     </span>
     <span class='ocr_line' id='line_1_10' title="bbox 229 1508 1344 1615; baseline 0.001 -39"><span class='ocrx_word' id='word_1_71' title='bbox 229 1534 352 1615; x_wconf 55' lang='lat' dir='ltr'>⁸quam</span> <span class='ocrx_word' id='word_1_72' title='bbox 380 1511 566 1600; x_wconf 87' lang='lat' dir='ltr'>loquentem</span> <span class='ocrx_word' id='word_1_73' title='bbox 596 1509 757 1577; x_wconf 78' lang='lat' dir='ltr'>induxisse</span> <span class='ocrx_word' id='word_1_74' title='bbox 783 1511 951 1600; x_wconf 87' lang='lat' dir='ltr'>poetriam.</span> <span class='ocrx_word' id='word_1_75' title='bbox 999 1508 1063 1576; x_wconf 90' lang='lat' dir='ltr'>Sed</span> <span class='ocrx_word' id='word_1_76' title='bbox 1092 1508 1214 1577; x_wconf 89' lang='lat' dir='ltr'>diserte</span> <span class='ocrx_word' id='word_1_77' title='bbox 1243 1509 1344 1589; x_wconf 80' lang='lat' dir='ltr'>inscri-</span> 
     </span>
    </p>
   </div>
   <div class='ocr_carea' id='block_1_4' title="bbox 255 1630 1366 3540">
    <p class='ocr_par' dir='ltr' id='par_1_4' title="bbox 255 1630 1366 3540">
     <span class='ocr_line' id='line_1_11' title="bbox 255 1630 1343 1723; baseline -0.001 -25"><span class='ocrx_word' id='word_1_78' title='bbox 255 1633 377 1723; x_wconf 89' lang='lat' dir='ltr'>ptionis</span> <span class='ocrx_word' id='word_1_79' title='bbox 395 1634 493 1700; x_wconf 84' lang='lat' dir='ltr'>rerba</span> <span class='ocrx_word' id='word_1_80' title='bbox 513 1631 731 1700; x_wconf 89' lang='lat' dir='ltr'>demonstrant</span> <span class='ocrx_word' id='word_1_81' title='bbox 750 1632 851 1722; x_wconf 84' lang='lat' dir='ltr'>ipsam</span> <span class='ocrx_word' id='word_1_82' title='bbox 872 1632 1032 1712; x_wconf 86' lang='lat' dir='ltr'>statuam,</span> <span class='ocrx_word' id='word_1_83' title='bbox 1058 1632 1082 1701; x_wconf 88' lang='lat' dir='ltr'>i.</span> <span class='ocrx_word' id='word_1_84' title='bbox 1099 1654 1130 1700; x_wconf 88' lang='lat' dir='ltr'>a.</span> <span class='ocrx_word' id='word_1_85' title='bbox 1157 1643 1283 1698; x_wconf 87' lang='lat' dir='ltr'>statuae</span> <span class='ocrx_word' id='word_1_86' title='bbox 1299 1630 1343 1697; x_wconf 82' lang='lat' dir='ltr'>bt·</span> 
     </span>
     <span class='ocr_line' id='line_1_12' title="bbox 255 1752 1346 1845; baseline 0.001 -25"><span class='ocrx_word' id='word_1_87' title='bbox 255 1755 303 1821; x_wconf 91' lang='lat' dir='ltr'>sin</span> <span class='ocrx_word' id='word_1_88' title='bbox 320 1752 445 1839; x_wconf 77' lang='grc' dir='ltr'><em>ἄφωνον</em></span> <span class='ocrx_word' id='word_1_89' title='bbox 469 1777 556 1836; x_wconf 88' lang='lat' dir='ltr'>esse,</span> <span class='ocrx_word' id='word_1_90' title='bbox 582 1754 670 1822; x_wconf 87' lang='lat' dir='ltr'>nulia</span> <span class='ocrx_word' id='word_1_91' title='bbox 691 1755 790 1844; x_wconf 82' lang='lat' dir='ltr'>igitur</span> <span class='ocrx_word' id='word_1_92' title='bbox 808 1755 1020 1845; x_wconf 89' lang='lat' dir='ltr'>inscriptione</span> <span class='ocrx_word' id='word_1_93' title='bbox 1038 1764 1197 1823; x_wconf 89' lang='lat' dir='ltr'>ornatam.</span> <span class='ocrx_word' id='word_1_94' title='bbox 1245 1752 1346 1845; x_wconf 83' lang='lat' dir='ltr'>Neque</span> 
     </span>
     <span class='ocr_line' id='line_1_13' title="bbox 256 1874 1348 1967; baseline 0.001 -25"><span class='ocrx_word' id='word_1_95' title='bbox 256 1874 297 1942; x_wconf 91' lang='lat' dir='ltr'>da</span> <span class='ocrx_word' id='word_1_96' title='bbox 318 1888 420 1944; x_wconf 87' lang='lat' dir='ltr'>statua</span> <span class='ocrx_word' id='word_1_97' title='bbox 443 1878 535 1943; x_wconf 89' lang='lat' dir='ltr'>cuins</span> <span class='ocrx_word' id='word_1_98' title='bbox 554 1876 620 1942; x_wconf 89' lang='lat' dir='ltr'>basi</span> <span class='ocrx_word' id='word_1_99' title='bbox 642 1875 801 1965; x_wconf 86' lang='lat' dir='ltr'>insculpta</span> <span class='ocrx_word' id='word_1_100' title='bbox 825 1888 873 1941; x_wconf 92' lang='lat' dir='ltr'>est</span> <span class='ocrx_word' id='word_1_101' title='bbox 892 1875 1060 1967; x_wconf 87' lang='lat' dir='ltr'>inscriptio</span> <span class='ocrx_word' id='word_1_102' title='bbox 1087 1874 1152 1940; x_wconf 92' lang='lat' dir='ltr'>dici</span> <span class='ocrx_word' id='word_1_103' title='bbox 1171 1874 1348 1966; x_wconf 81' lang='lat' dir='ltr'>potest,ci</span> 
     </span>
     <span class='ocr_line' id='line_1_14' title="bbox 256 1990 1350 2089; baseline 0.002 -26"><span class='ocrx_word' id='word_1_104' title='bbox 256 2019 368 2065; x_wconf 84' lang='lat' dir='ltr'>rocem</span> <span class='ocrx_word' id='word_1_105' title='bbox 402 2009 476 2064; x_wconf 88' lang='lat' dir='ltr'>ante</span> <span class='ocrx_word' id='word_1_106' title='bbox 511 1997 609 2089; x_wconf 87' lang='lat' dir='ltr'>pedes</span> <span class='ocrx_word' id='word_1_107' title='bbox 638 1999 780 2089; x_wconf 86' lang='lat' dir='ltr'>positam</span> <span class='ocrx_word' id='word_1_108' title='bbox 801 2019 893 2064; x_wconf 84' lang='lat' dir='ltr'>esse.</span> <span class='ocrx_word' id='word_1_109' title='bbox 951 1995 1068 2064; x_wconf 87' lang='lat' dir='ltr'>Omnia</span> <span class='ocrx_word' id='word_1_110' title='bbox 1094 1996 1181 2063; x_wconf 91' lang='lat' dir='ltr'>enim</span> <span class='ocrx_word' id='word_1_111' title='bbox 1209 1990 1295 2087; x_wconf 75' lang='lat' dir='ltr'>q&#39;uae</span> <span class='ocrx_word' id='word_1_112' title='bbox 1318 1996 1350 2065; x_wconf 82' lang='lat' dir='ltr'>sd</span> 
     </span>
     <span class='ocr_line' id='line_1_15' title="bbox 257 2117 1355 2210; baseline 0.001 -26"><span class='ocrx_word' id='word_1_113' title='bbox 257 2119 346 2185; x_wconf 88' lang='lat' dir='ltr'>basin</span> <span class='ocrx_word' id='word_1_114' title='bbox 369 2132 491 2187; x_wconf 85' lang='lat' dir='ltr'>statuae</span> <span class='ocrx_word' id='word_1_115' title='bbox 517 2121 644 2199; x_wconf 89' lang='lat' dir='ltr'>iacent,</span> <span class='ocrx_word' id='word_1_116' title='bbox 670 2119 863 2210; x_wconf 87' lang='lat' dir='ltr'>antepedes</span> <span class='ocrx_word' id='word_1_117' title='bbox 886 2132 1009 2184; x_wconf 89' lang='lat' dir='ltr'>statuae</span> <span class='ocrx_word' id='word_1_118' title='bbox 1031 2119 1134 2184; x_wconf 89' lang='lat' dir='ltr'>iacere</span> <span class='ocrx_word' id='word_1_119' title='bbox 1165 2117 1355 2188; x_wconf 70' lang='lat' dir='ltr'>dicantur·</span> 
     </span>
     <span class='ocr_line' id='line_1_16' title="bbox 258 2239 1180 2318; baseline 0.002 -11"><span class='ocrx_word' id='word_1_120' title='bbox 258 2239 401 2309; x_wconf 85' lang='lat' dir='ltr'>Graecis.</span> <span class='ocrx_word' id='word_1_121' title='bbox 428 2264 458 2308; x_wconf 84' lang='grc' dir='ltr'>ν.</span> <span class='ocrx_word' id='word_1_122' title='bbox 482 2239 659 2307; x_wconf 85' lang='lat' dir='ltr'>Leonidam</span> <span class='ocrx_word' id='word_1_123' title='bbox 679 2239 855 2308; x_wconf 80' lang='lat' dir='ltr'>Leonidam</span> <span class='ocrx_word' id='word_1_124' title='bbox 882 2240 922 2308; x_wconf 80' lang='grc' dir='ltr'>Δ.</span> <span class='ocrx_word' id='word_1_125' title='bbox 948 2241 983 2310; x_wconf 86' lang='grc' dir='ltr'>Ρ.</span> <span class='ocrx_word' id='word_1_126' title='bbox 1006 2239 1072 2318; x_wconf 78' lang='lat' dir='ltr'>vt,</span> <span class='ocrx_word' id='word_1_127' title='bbox 1098 2242 1180 2309; x_wconf 88' lang='lat'><strong>200.</strong></span> 
     </span>
     <span class='ocr_line' id='line_1_17' title="bbox 346 2360 1170 2445; baseline -0.001 -17"><span class='ocrx_word' id='word_1_128' title='bbox 346 2365 404 2428; x_wconf 86' lang='grc' dir='ltr'>Ἐκ</span> <span class='ocrx_word' id='word_1_129' title='bbox 426 2361 540 2438; x_wconf 74' lang='grc' dir='ltr'><em>πόκον,</em></span> <span class='ocrx_word' id='word_1_130' title='bbox 565 2363 740 2443; x_wconf 73' lang='grc' dir='ltr'><em>Εἰλήῶννον,</em></span> <span class='ocrx_word' id='word_1_131' title='bbox 765 2360 878 2445; x_wconf 78' lang='grc' dir='ltr'><em>πικρῶν</em></span> <span class='ocrx_word' id='word_1_132' title='bbox 902 2361 1170 2444; x_wconf 61' lang='lat' dir='ltr'>catapersica</span> 
     </span>
     <span class='ocr_line' id='line_1_18' title="bbox 437 2480 1171 2567; baseline -0.001 -17"><span class='ocrx_word' id='word_1_133' title='bbox 437 2483 612 2567; x_wconf 80' lang='grc' dir='ltr'><em>Ἀμβοοσίν</em></span> <span class='ocrx_word' id='word_1_134' title='bbox 633 2490 758 2551; x_wconf 76' lang='grc' dir='ltr'><em>κλεινῶν</em></span> <span class='ocrx_word' id='word_1_135' title='bbox 783 2480 900 2562; x_wconf 61' lang='lat' dir='ltr'>dicaci</span> <span class='ocrx_word' id='word_1_136' title='bbox 920 2506 968 2549; x_wconf 84' lang='grc' dir='ltr'>σον</span> <span class='ocrx_word' id='word_1_137' title='bbox 991 2482 1049 2565; x_wconf 74' lang='grc' dir='ltr'>πρὸ</span> <span class='ocrx_word' id='word_1_138' title='bbox 1070 2482 1171 2550; x_wconf 90' lang='grc' dir='ltr'><em>ποδῶν</em></span> 
     </span>
     <span class='ocr_line' id='line_1_19' title="bbox 347 2599 1252 2686; baseline 0 -17"><span class='ocrx_word' id='word_1_139' title='bbox 347 2603 450 2684; x_wconf 69' lang='grc' dir='ltr'><em>δεσμοὶ</em></span> <span class='ocrx_word' id='word_1_140' title='bbox 474 2604 575 2685; x_wconf 67' lang='lat' dir='ltr'>educe</span> <span class='ocrx_word' id='word_1_141' title='bbox 599 2603 652 2671; x_wconf 78' lang='lat' dir='ltr'>sui</span> <span class='ocrx_word' id='word_1_142' title='bbox 676 2603 816 2680; x_wconf 75' lang='grc' dir='ltr'><em>πέπλον,</em></span> <span class='ocrx_word' id='word_1_143' title='bbox 841 2604 857 2668; x_wconf 88' lang='grc' dir='ltr'>ε’</span> <span class='ocrx_word' id='word_1_144' title='bbox 863 2629 877 2669; x_wconf 95' lang='grc' dir='ltr'><em>ν</em></span> <span class='ocrx_word' id='word_1_145' title='bbox 901 2599 923 2686; x_wconf 80' lang='grc' dir='ltr'><strong><em>ᾦ</em></strong></span> <span class='ocrx_word' id='word_1_146' title='bbox 946 2600 1066 2686; x_wconf 66' lang='lat' dir='ltr'>descire</span> <span class='ocrx_word' id='word_1_147' title='bbox 1088 2603 1151 2669; x_wconf 78' lang='grc' dir='ltr'>ἐπὶ</span> <span class='ocrx_word' id='word_1_148' title='bbox 1173 2604 1252 2683; x_wconf 73' lang='grc' dir='ltr'>μηνὶ</span> 
     </span>
     <span class='ocr_line' id='line_1_20' title="bbox 438 2722 1167 2806; baseline 0 -17"><span class='ocrx_word' id='word_1_149' title='bbox 438 2722 539 2789; x_wconf 73' lang='lat' dir='ltr'>treats</span> <span class='ocrx_word' id='word_1_150' title='bbox 563 2723 627 2789; x_wconf 81' lang='grc' dir='ltr'>ῶπδ</span> <span class='ocrx_word' id='word_1_151' title='bbox 651 2722 744 2805; x_wconf 78' lang='grc' dir='ltr'><em>ζώνης</em></span> <span class='ocrx_word' id='word_1_152' title='bbox 768 2726 843 2804; x_wconf 83' lang='grc' dir='ltr'><em>κῶμ’</em></span> <span class='ocrx_word' id='word_1_153' title='bbox 867 2722 1020 2806; x_wconf 76' lang='grc' dir='ltr'>ἐλόχευσε</span> <span class='ocrx_word' id='word_1_154' title='bbox 1042 2722 1167 2791; x_wconf 72' lang='grc' dir='ltr'>τέκνων.</span> 
     </span>
     <span class='ocr_line' id='line_1_21' title="bbox 260 2841 1038 2913; baseline 0.006 -5"><span class='ocrx_word' id='word_1_155' title='bbox 260 2841 351 2909; x_wconf 87' lang='lat' dir='ltr'>cuias</span> <span class='ocrx_word' id='word_1_156' title='bbox 371 2842 507 2910; x_wconf 88' lang='lat' dir='ltr'>alterum</span> <span class='ocrx_word' id='word_1_157' title='bbox 529 2842 690 2911; x_wconf 89' lang='lat' dir='ltr'>distichon</span> <span class='ocrx_word' id='word_1_158' title='bbox 714 2846 757 2911; x_wconf 90' lang='lat' dir='ltr'>ita</span> <span class='ocrx_word' id='word_1_159' title='bbox 779 2844 1038 2913; x_wconf 87' lang='lat' dir='ltr'>emendandum:</span> 
     </span>
     <span class='ocr_line' id='line_1_22' title="bbox 756 2961 1164 3050; baseline 0.002 -20"><span class='ocrx_word' id='word_1_160' title='bbox 756 2965 809 3050; x_wconf 79' lang='grc' dir='ltr'>ἐφ’</span> <span class='ocrx_word' id='word_1_161' title='bbox 834 2961 856 3049; x_wconf 80' lang='grc' dir='ltr'><em>ᾧ</em></span> <span class='ocrx_word' id='word_1_162' title='bbox 879 2963 1000 3049; x_wconf 68' lang='lat' dir='ltr'>credre</span> <span class='ocrx_word' id='word_1_163' title='bbox 1022 2964 1065 3032; x_wconf 80' lang='lat' dir='ltr'>s’vi</span> <span class='ocrx_word' id='word_1_164' title='bbox 1089 2965 1164 3046; x_wconf 74' lang='grc' dir='ltr'>μηνὶ</span> 
     </span>
     <span class='ocr_line' id='line_1_23' title="bbox 438 3084 1158 3170; baseline -0.001 -19"><span class='ocrx_word' id='word_1_165' title='bbox 438 3084 540 3151; x_wconf 82' lang='grc' dir='ltr'><em>δνοοδν</em></span> <span class='ocrx_word' id='word_1_166' title='bbox 563 3084 622 3151; x_wconf 81' lang='grc' dir='ltr'>ὑπὸ</span> <span class='ocrx_word' id='word_1_167' title='bbox 643 3084 737 3167; x_wconf 78' lang='grc' dir='ltr'><em>ζώνης</em></span> <span class='ocrx_word' id='word_1_168' title='bbox 759 3090 835 3167; x_wconf 77' lang='grc' dir='ltr'>κῦμ’</span> <span class='ocrx_word' id='word_1_169' title='bbox 856 3086 1009 3170; x_wconf 77' lang='grc' dir='ltr'>ἐλόχευσε</span> <span class='ocrx_word' id='word_1_170' title='bbox 1032 3085 1158 3154; x_wconf 84' lang='grc' dir='ltr'><em>πέννονν.</em></span> 
     </span>
     <span class='ocr_line' id='line_1_24' title="bbox 260 3201 1366 3297; baseline 0.005 -27"><span class='ocrx_word' id='word_1_171' title='bbox 260 3203 376 3273; x_wconf 79' lang='lat' dir='ltr'>Verbis</span> <span class='ocrx_word' id='word_1_172' title='bbox 394 3205 447 3290; x_wconf 83' lang='grc' dir='ltr'>ἐφ’</span> <span class='ocrx_word' id='word_1_173' title='bbox 467 3201 490 3290; x_wconf 79' lang='grc' dir='ltr'><strong>ᾧ</strong></span> <span class='ocrx_word' id='word_1_174' title='bbox 510 3207 593 3272; x_wconf 87' lang='lat' dir='ltr'>ratio</span> <span class='ocrx_word' id='word_1_175' title='bbox 622 3205 769 3273; x_wconf 88' lang='lat' dir='ltr'>redditur</span> <span class='ocrx_word' id='word_1_176' title='bbox 792 3230 891 3297; x_wconf 80' lang='lat' dir='ltr'>quere</span> <span class='ocrx_word' id='word_1_177' title='bbox 917 3208 980 3275; x_wconf 92' lang='lat' dir='ltr'>hoc</span> <span class='ocrx_word' id='word_1_178' title='bbox 1002 3208 1171 3276; x_wconf 89' lang='lat' dir='ltr'>donarium</span> <span class='ocrx_word' id='word_1_179' title='bbox 1196 3205 1366 3275; x_wconf 83' lang='lat' dir='ltr'>dedicare·</span> 
     </span>
     <span class='ocr_line' id='line_1_25' title="bbox 258 3325 1363 3421; baseline 0.003 -27"><span class='ocrx_word' id='word_1_180' title='bbox 258 3328 302 3394; x_wconf 89' lang='lat' dir='ltr'>rit</span> <span class='ocrx_word' id='word_1_181' title='bbox 323 3327 515 3395; x_wconf 76' lang='lat' dir='ltr'>Ambrosias</span> <span class='ocrx_word' id='word_1_182' title='bbox 541 3328 737 3417; x_wconf 87' lang='lat' dir='ltr'>praepositio</span> <span class='ocrx_word' id='word_1_183' title='bbox 757 3327 801 3394; x_wconf 83' lang='grc' dir='ltr'>ε’νί</span> <span class='ocrx_word' id='word_1_184' title='bbox 822 3330 917 3395; x_wconf 92' lang='lat' dir='ltr'>unice</span> <span class='ocrx_word' id='word_1_185' title='bbox 937 3343 1033 3421; x_wconf 87' lang='lat' dir='ltr'>apta,</span> <span class='ocrx_word' id='word_1_186' title='bbox 1059 3343 1091 3397; x_wconf 88' lang='lat' dir='ltr'>ct</span> <span class='ocrx_word' id='word_1_187' title='bbox 1111 3325 1175 3396; x_wconf 72' lang='grc' dir='ltr'>ὑπό</span> <span class='ocrx_word' id='word_1_188' title='bbox 1195 3329 1285 3396; x_wconf 90' lang='lat' dir='ltr'>idern</span> <span class='ocrx_word' id='word_1_189' title='bbox 1302 3329 1363 3397; x_wconf 80' lang='lat' dir='ltr'>tere</span> 
     </span>
     <span class='ocr_line' id='line_1_26' title="bbox 261 3445 1361 3540; baseline 0.002 -27"><span class='ocrx_word' id='word_1_190' title='bbox 261 3446 348 3538; x_wconf 88' lang='lat' dir='ltr'>quod</span> <span class='ocrx_word' id='word_1_191' title='bbox 379 3445 481 3522; x_wconf 75' lang='grc' dir='ltr'><em>ὑπὲκ,</em></span> <span class='ocrx_word' id='word_1_192' title='bbox 506 3447 594 3536; x_wconf 90' lang='lat' dir='ltr'>quod</span> <span class='ocrx_word' id='word_1_193' title='bbox 624 3447 694 3514; x_wconf 90' lang='lat' dir='ltr'>aliis</span> <span class='ocrx_word' id='word_1_194' title='bbox 723 3448 857 3516; x_wconf 85' lang='lat' dir='ltr'>fortasse</span> <span class='ocrx_word' id='word_1_195' title='bbox 879 3463 1041 3540; x_wconf 86' lang='lat' dir='ltr'>praestare</span> <span class='ocrx_word' id='word_1_196' title='bbox 1071 3449 1253 3520; x_wconf 80' lang='lat' dir='ltr'>ridebitur.</span> <span class='ocrx_word' id='word_1_197' title='bbox 1301 3446 1361 3521; x_wconf 72' lang='lat' dir='ltr'>dd·</span> 
     </span>
    </p>
   </div>
   <div class='ocr_carea' id='block_1_5' title="bbox 261 3565 1356 3778">
    <p class='ocr_par' dir='ltr' id='par_1_5' title="bbox 261 3565 1356 3778">
     <span class='ocr_line' id='line_1_27' title="bbox 262 3565 1356 3657; baseline 0.005 -23"><span class='ocrx_word' id='word_1_198' title='bbox 262 3565 378 3634; x_wconf 86' lang='lat' dir='ltr'>dantur</span> <span class='ocrx_word' id='word_1_199' title='bbox 398 3565 546 3633; x_wconf 75' lang='lat' dir='ltr'>Achaeus</span> <span class='ocrx_word' id='word_1_200' title='bbox 564 3589 618 3657; x_wconf 84' lang='lat' dir='ltr'>ap.</span> <span class='ocrx_word' id='word_1_201' title='bbox 641 3566 754 3637; x_wconf 85' lang='lat' dir='ltr'>Schoi.</span> <span class='ocrx_word' id='word_1_202' title='bbox 779 3572 857 3640; x_wconf 80' lang='lat' dir='ltr'>Eur.</span> <span class='ocrx_word' id='word_1_203' title='bbox 884 3569 942 3639; x_wconf 90' lang='lat' dir='ltr'>0r.</span> <span class='ocrx_word' id='word_1_204' title='bbox 957 3575 1035 3640; x_wconf 81' lang='lat'><strong>363.</strong></span> <span class='ocrx_word' id='word_1_205' title='bbox 1063 3596 1092 3640; x_wconf 83' lang='grc' dir='ltr'>ν.</span> <span class='ocrx_word' id='word_1_206' title='bbox 1109 3572 1256 3642; x_wconf 80' lang='lat' dir='ltr'>Meinek.</span> <span class='ocrx_word' id='word_1_207' title='bbox 1271 3568 1356 3641; x_wconf 75' lang='lat' dir='ltr'>trit</span> 
     </span>
     <span class='ocr_line' id='line_1_28' title="bbox 261 3688 514 3778; baseline 0.004 -22"><span class='ocrx_word' id='word_1_208' title='bbox 261 3688 352 3757; x_wconf 79' lang='lat' dir='ltr'>dier.</span> <span class='ocrx_word' id='word_1_209' title='bbox 378 3711 413 3778; x_wconf 87' lang='lat' dir='ltr'>p.</span> <span class='ocrx_word' id='word_1_210' title='bbox 441 3689 514 3757; x_wconf 85' lang='grc'><strong>161.</strong></span> 
     </span>
    </p>
   </div>
   <div class='ocr_carea' id='block_1_6' title="bbox 439 3806 969 3891">
    <p class='ocr_par' dir='ltr' id='par_1_6' title="bbox 439 3806 969 3891">
     <span class='ocr_line' id='line_1_29' title="bbox 439 3806 969 3891; baseline 0.002 -15"><span class='ocrx_word' id='word_1_211' title='bbox 439 3813 508 3876; x_wconf 79' lang='grc' dir='ltr'>Νῦν</span> <span class='ocrx_word' id='word_1_212' title='bbox 526 3806 576 3877; x_wconf 78' lang='grc' dir='ltr'>οὖν</span> <span class='ocrx_word' id='word_1_213' title='bbox 596 3811 686 3891; x_wconf 73' lang='grc' dir='ltr'><strong><em>ἡμεῖς</em></strong></span> <span class='ocrx_word' id='word_1_214' title='bbox 709 3810 811 3880; x_wconf 82' lang='grc' dir='ltr'><em>ἱκὲπονν</em></span> <span class='ocrx_word' id='word_1_215' title='bbox 825 3861 969 3879; x_wconf 92' lang='grc'><strong>.......</strong></span> 
     </span>
    </p>
   </div>
   <div class='ocr_carea' id='block_1_7' title="bbox 1389 1894 1394 3445">
    <p class='ocr_par' dir='ltr' id='par_1_7' title="bbox 1389 1894 1394 3445">
     <span class='ocr_line' id='line_1_30' title="bbox 1389 1894 1394 3445; baseline 0 0"><span class='ocrx_word' id='word_1_216' title='bbox 1389 1894 1394 3445; x_wconf 95' lang='lat' dir='ltr'> </span> 
     </span>
    </p>
   </div>
   <div class='ocr_carea' id='block_1_8' title="bbox 261 3930 1365 4378">
    <p class='ocr_par' dir='ltr' id='par_1_8' title="bbox 261 3930 1365 4378">
     <span class='ocr_line' id='line_1_31' title="bbox 442 3930 1009 4016; baseline 0.007 -19"><span class='ocrx_word' id='word_1_217' title='bbox 442 3930 636 4007; x_wconf 68' lang='lat' dir='ltr'>consedeas</span> <span class='ocrx_word' id='word_1_218' title='bbox 660 3934 731 3998; x_wconf 74' lang='grc' dir='ltr'><em>θεῶν</em></span> <span class='ocrx_word' id='word_1_219' title='bbox 754 3934 850 4016; x_wconf 71' lang='grc' dir='ltr'><em>γένος</em></span> <span class='ocrx_word' id='word_1_220' title='bbox 864 3982 1009 4001; x_wconf 87' lang='grc'><strong>.......</strong></span> 
     </span>
     <span class='ocr_line' id='line_1_32' title="bbox 440 4050 1081 4135; baseline 0.006 -19"><span class='ocrx_word' id='word_1_221' title='bbox 440 4051 563 4133; x_wconf 55' lang='grc' dir='ltr'>τίθεμεν</span> <span class='ocrx_word' id='word_1_222' title='bbox 586 4051 643 4132; x_wconf 84' lang='grc' dir='ltr'>πρὸ</span> <span class='ocrx_word' id='word_1_223' title='bbox 668 4050 765 4118; x_wconf 89' lang='grc' dir='ltr'><em>ποδῶν</em></span> <span class='ocrx_word' id='word_1_224' title='bbox 788 4060 849 4121; x_wconf 85' lang='grc' dir='ltr'>πῶν</span> <span class='ocrx_word' id='word_1_225' title='bbox 871 4062 930 4122; x_wconf 89' lang='grc' dir='ltr'>οῶν</span> <span class='ocrx_word' id='word_1_226' title='bbox 954 4054 1048 4133; x_wconf 58' lang='lat' dir='ltr'>sciisse</span> <span class='ocrx_word' id='word_1_227' title='bbox 1080 4130 1081 4135; x_wconf 8' lang='grc' dir='ltr'>η</span> 
     </span>
     <span class='ocr_line' id='line_1_33' title="bbox 441 4171 947 4254; baseline 0.008 -18"><span class='ocrx_word' id='word_1_228' title='bbox 441 4181 496 4248; x_wconf 76' lang='grc' dir='ltr'>πῶς</span> <span class='ocrx_word' id='word_1_229' title='bbox 516 4171 689 4254; x_wconf 72' lang='grc' dir='ltr'><em>ἀπεράντου</em></span> <span class='ocrx_word' id='word_1_230' title='bbox 714 4175 806 4249; x_wconf 62' lang='lat' dir='ltr'>zoves</span> <span class='ocrx_word' id='word_1_231' title='bbox 830 4176 947 4250; x_wconf 70' lang='lat' dir='ltr'>ducisse.</span> 
     </span>
     <span class='ocr_line' id='line_1_34' title="bbox 261 4290 1365 4378; baseline 0.005 -22"><span class='ocrx_word' id='word_1_232' title='bbox 261 4291 395 4360; x_wconf 85' lang='lat' dir='ltr'>Pausan.</span> <span class='ocrx_word' id='word_1_233' title='bbox 411 4290 482 4372; x_wconf 84' lang='lat' dir='ltr'>lx,</span> <span class='ocrx_word' id='word_1_234' title='bbox 510 4297 562 4361; x_wconf 87' lang='grc'>19.</span> <span class='ocrx_word' id='word_1_235' title='bbox 590 4298 620 4361; x_wconf 85' lang='grc'>4.</span> <span class='ocrx_word' id='word_1_236' title='bbox 652 4292 707 4374; x_wconf 79' lang='grc' dir='ltr'>πρὸ</span> <span class='ocrx_word' id='word_1_237' title='bbox 732 4299 785 4361; x_wconf 82' lang='grc' dir='ltr'>ποῶ</span> <span class='ocrx_word' id='word_1_238' title='bbox 810 4295 1003 4378; x_wconf 53' lang='lat' dir='ltr'>araneoso</span> <span class='ocrx_word' id='word_1_239' title='bbox 1025 4303 1083 4364; x_wconf 83' lang='grc' dir='ltr'>πῶν</span> <span class='ocrx_word' id='word_1_240' title='bbox 1111 4293 1211 4364; x_wconf 91' lang='grc' dir='ltr'><em>ποδῶν</em></span> <span class='ocrx_word' id='word_1_241' title='bbox 1236 4292 1365 4365; x_wconf 68' lang='lat' dir='ltr'>settene</span> 
     </span>
    </p>
   </div>
   <div class='ocr_carea' id='block_1_9' title="bbox 1389 3977 1395 5027">
    <p class='ocr_par' dir='ltr' id='par_1_9' title="bbox 1389 3977 1395 5027">
     <span class='ocr_line' id='line_1_35' title="bbox 1389 3977 1395 5027; baseline 0 0"><span class='ocrx_word' id='word_1_242' title='bbox 1389 3977 1395 5027; x_wconf 95' lang='lat' dir='ltr'> </span> 
     </span>
    </p>
   </div>
   <div class='ocr_carea' id='block_1_10' title="bbox 0 0 1404 5172">
    <p class='ocr_par' dir='ltr' id='par_1_10' title="bbox 0 0 1404 5172">
     <span class='ocr_line' id='line_1_36' title="bbox 0 0 1404 5172; baseline 0 0"><span class='ocrx_word' id='word_1_243' title='bbox 0 0 1404 5172; x_wconf 95' lang='lat' dir='ltr'> </span> 
     </span>
    </p>
   </div>
  </div>
 </body>
</html>
