2784 5174
701 347 879 409 “1ss-

242 530 349 609 μέκοο.
400 529 541 620 Singulis
563 533 685 610 caseis,
712 529 831 621 quihus
848 531 968 597 bestiae
986 528 1126 596 inclusae
1146 542 1255 611 erant,
1278 532 1341 599 ad·

242 649 329 718 ditae
350 651 482 742 luerunt
509 649 593 717 haud
620 650 717 718 dubia
739 652 985 743 inscriptiones,
1011 670 1148 741 quarum
1177 651 1339 721 maiorem

242 784 367 862 partem
408 772 549 839 versibus
581 772 742 862 scripsisse
773 783 807 837 et
838 784 946 861 postea
976 771 1009 838 in
1043 793 1142 838 uuum
1183 771 1340 841 volumen

244 894 430 959 coniunctas
452 891 588 960 edidisse
610 891 736 959 ridetur
758 889 957 970 Archelaus,
982 914 1048 982 quo
1072 893 1121 959 usi
1141 907 1216 961 sunt
1229 891 1340 961 histo-

242 1012 309 1080 riae
329 1012 483 1079 naturalis
499 1023 704 1083 scrutatores.
752 1011 839 1080 llaec
858 1011 1059 1080 desursibus
1078 1008 1254 1091 Archelai,
1278 1015 1343 1103 qui

244 1133 276 1198 in
300 1129 504 1221 Philadelphi
534 1133 645 1199 aulicis
668 1132 766 1198 luisse
793 1129 943 1211 ridetur3
968 1132 1160 1201 Nicomachi
1182 1151 1259 1200 uero
1279 1132 1340 1200 di·

243 1251 346 1319 sticho
373 1254 429 1343 qui
459 1253 555 1320 luerit
579 1252 667 1318 locus
692 1252 724 1316 in
746 1253 889 1318 carmine
910 1251 1052 1343 elegiace
1083 1254 1124 1320 de
1152 1253 1340 1322 Pictonibus

242 1396 306 1440 non
327 1373 433 1445 video.
479 1372 551 1441 Nisi
574 1373 658 1439 forte
686 1369 889 1439 statuendum
920 1387 1048 1462 poetam
1072 1396 1111 1442 ao
1132 1372 1339 1464 complexum

243 1515 310 1560 esse
337 1494 450 1560 seriem
481 1495 746 1584 epigrammatum
782 1493 816 1557 in
840 1514 948 1559 craneo
979 1495 1121 1584 pictores
1153 1519 1190 1564 er
1221 1492 1341 1562 ordine

244 1629 449 1705 temporum,
484 1633 567 1703 quae
595 1613 708 1678 statuis
743 1611 1007 1683 inscriberentur.
1061 1614 1107 1683 Ut
1138 1615 1341 1704 Pomponius

244 1737 372 1803 Atticus
398 1735 431 1801 in
455 1731 563 1810 libro,
587 1730 628 1799 de
649 1754 715 1822 quo
744 1731 783 1803 (l.
806 1731 913 1824 Nepos
935 1734 968 1801 in
993 1734 1067 1803 vite
1092 1734 1196 1803 traici
1225 1757 1257 1806 c.
1281 1735 1339 1805 18.

245 1861 279 1927 5.
311 1854 450 1944 »attigit
480 1875 611 1944 quoque
641 1853 824 1944 poeticam,
857 1854 1017 1924 credimus
1050 1877 1091 1924 ue
1121 1855 1190 1923 eius
1224 1876 1342 1947 expers

243 1985 325 2043 esset
347 1975 532 2044 suavitatiss
568 1996 707 2064 namque
737 1971 902 2055 uersibus,
926 1977 984 2066 qui
1007 1974 1131 2046 honore
1162 1997 1341 2066 rerumque

244 2109 405 2185 gestarum
428 2093 642 2185 amplitudine
660 2106 783 2161 ceteros
804 2095 918 2186 populi
939 2095 1075 2163 Romani
1092 2096 1339 2187 praestiterint,

244 2216 390 2307 esposuit
410 2216 477 2295 ita,
499 2228 535 2281 ut
550 2212 610 2281 sub
630 2214 829 2306 singulorum
854 2216 1048 2307 imaginibus
1066 2217 1149 2283 lacta
1169 2216 1340 2306 magistra-

245 2351 490 2427 sasqueearurn
513 2357 577 2402 non
597 2335 736 2425 amplius
758 2338 921 2427 quaternis
941 2338 1090 2428 quinisve
1116 2336 1257 2404 versibus
1280 2338 1342 2406 de·

245 2457 425 2549 scripseritr
451 2454 538 2547 quod
559 2457 610 2521 air
631 2455 826 2524 credendum
849 2459 891 2523 sit
915 2470 1016 2524 tantas
1037 2479 1088 2523 res
1110 2469 1174 2524 tam
1196 2433 1339 2525 breviter

244 2581 385 2670 potuisse
405 2576 598 2644 declarari.'’
645 2574 734 2644 ldem
761 2599 829 2644 esse
859 2578 967 2668 potuit
989 2574 1178 2648 Nicomachi
1208 2578 1339 2645 iastitu⁴

244 2713 313 2764 tum
334 2699 366 2763 in
385 2694 518 2761 historia
539 2694 703 2761 Pictorum
727 2707 826 2787 etque
848 2697 928 2765 adeo
946 2699 1093 2790 picturae
1112 2696 1305 2769 enarranda.

290 2817 376 2884 Hinc
399 2813 598 2884 redeundum
618 2815 711 2881 uehis
731 2829 777 2884 est
794 2816 833 2883 ud
854 2816 1084 2908 epigrammata
1104 2817 1271 2888 σκωπτικοί
1297 2819 1341 2886 ab

151 3001 161 3018 ‚
245 2936 481 3027 antiquioribus
508 2936 646 3025 scripta,
671 2948 707 3001 ut
728 2959 764 3003 ea
783 2959 914 3027 quoque
940 2958 1182 3028 percenseamus
1206 2941 1237 3007 in
1264 2942 1342 3030 qui·

246 3056 306 3122 bus
330 3056 419 3123 nulla
443 3056 505 3122 iam
530 3057 671 3122 cernitur
700 3057 917 3147 inscriptionis
939 3073 1038 3138 nota,
1064 3073 1100 3126 ut
1122 3063 1155 3129 in
1177 3062 1342 3152 epigram·

246 3179 338 3245 mutis
358 3174 517 3265 Daphitae
534 3190 565 3244 et
590 3176 755 3267 Apollonii
778 3175 909 3246 Rhodii,
958 3180 1005 3248 De
1024 3181 1081 3247 illo
1100 3181 1218 3250 Strabo
1237 3181 1341 3264 xlv,

248 3303 279 3366 l.
305 3296 407 3365 'l'rlll
432 3320 466 3387 p.
491 3298 552 3363 185
576 3295 722 3366 Tauchn.
753 3298 901 3383 ἐκπεδιῳ
922 3301 1101 3385 καλουμένῳ
1120 3303 1262 3387 Gripum,
1284 3304 1342 3388 ἐφ’

244 3413 268 3500 ᾧ
289 3417 499 3500 σταυρωθῆναι
520 3423 601 3501 Φοισι
625 3419 778 3502 Δοοφίοοον
801 3420 853 3484 τὸν
875 3423 1096 3503 γραμματικὸν
1119 3423 1345 3506 aetheriorum

246 3537 316 3611 τοὺς
338 3535 496 3627 ’βασιλέως
515 3536 568 3604 διὰ
589 3517 720 3620 στίχοοι·

335 3655 502 3740 nescisses
521 3661 694 3737 μώλωπες,
719 3661 954 3743 desperatiorem
976 3660 1078 3744 γάζης

424 3776 636 3861 Λυσιμάχου,
658 3780 763 3848 Λυδῶν
781 3779 900 3863 ἄρχετε
921 3781 973 3848 καὶ
998 3783 1142 3864 Φρυγίης.

247 3898 411 3988 Apollonii
430 3896 592 3966 distichon
616 3903 649 3967 in
674 3900 906 3969 Callimachum
930 3903 1084 3991 scriptum
1104 3903 1220 3991 legitur
1245 3903 1286 3971 A.
1302 3903 1343 3973 P.

248 4017 318 4094 Xl,
343 4020 420 4084 275.

224 4133 229 4143 “
289 4134 501 4220 Καλλίμαχος
524 4139 560 4204 τὸ
583 4136 748 4221 scelestae,
774 4140 809 4205 τὸ
828 4137 990 4220 esteves,
1015 4142 1031 4206 ὁ
1050 4140 1169 4222 ξύλινος
1194 4148 1286 4221 νοῦς·

424 4257 553 4340 sirtori
575 4259 704 4346 γράψας
724 4262 819 4330 Airita
842 4265 1064 4348 Κκλκίκκχος.
