2784 5174
526 365 729 428 —209-

258 548 358 630 ζιονόον
382 546 417 623 ἕξ
438 547 549 614 οξνόέιον
568 552 724 626 ποικίλον,
749 546 920 634 ὦΠοιφόν.

164 670 291 754 χρύσεοι
309 668 479 753 γράμματ’
499 669 588 752 ἔχον·
612 671 712 739 διόλου
728 672 753 738 δ’
768 671 969 755 ἐγέγραπτο·
991 673 1081 756 φόλει
1100 696 1142 754 με

258 790 311 857 nori
335 793 380 871 nis
402 793 542 876 λυπνόρῖς
561 793 596 870 όν
615 817 662 867 τις
686 791 746 878 dorp
765 795 800 874 μ’
820 789 929 876 ἕτερος.

144 910 209 978 boc
236 913 463 1001 epigrammate
497 910 581 977 nihil
618 927 832 1004 corruptum,
870 912 925 980 sed
954 935 1069 1005 parum
1100 927 1176 1007 apte

119 1086 121 1095 .
144 1039 179 1103 3.
203 1035 375 1100 iunxerunt
398 1034 589 1122 interpretes
604 1033 705 1100 διόλου
728 1034 930 1120 ἐγέγραπτο,
955 1058 1055 1126 quum
1072 1033 1175 1104 διόλου

119 1154 273 1245 rgendum
293 1156 336 1223 sit
360 1177 434 1221 cum
466 1153 563 1221 serbo
590 1156 693 1239 φίλει.
739 1158 864 1224 Pariter
884 1181 947 1225 non
974 1157 1172 1226 intellectum

119 1276 340 1366 :epigramma
361 1275 502 1343 eiusdem
526 1289 641 1366 poetae
664 1277 751 1355 llll,
780 1283 855 1347 162.

129 1468 132 1473 ,
167 1395 266 1465 Odore
288 1395 459 1480 τοξνφορῶν
482 1396 543 1463 οὐδ’
565 1396 668 1480 ἄρκιος
687 1398 777 1464 όλλόι
797 1399 918 1478 νεογνὸς

254 1519 346 1599 οὑμός
366 1516 436 1601 ἔρως
459 1519 548 1600 ποιρόι
570 1520 626 1594 riis
649 1518 766 1599 Κόπριν
789 1517 1020 1603 ὑπουπρέφετοιι

166 1640 274 1706 δέλτον
291 1638 374 1721 ἔχων
396 1638 553 1723 χρυσέην·
576 1639 620 1707 τόν
640 1637 843 1722 Φιλοκρότεος
866 1639 899 1706 δὲ
918 1640 1058 1709 Διοιόλου

255 1758 412 1842 τροιυλόζει
431 1764 541 1841 ψυχῆς
559 1760 683 1844 φίλτρον
705 1760 758 1826 nol
779 1759 985 1839 Ἀντιγένους.

119 1880 359 1947 rscribendum
392 1879 454 1948 hcc
490 1903 617 1948 carmen
654 1896 747 1971 puto.
796 1883 850 1948 Vs.
878 1887 908 1949 l.
942 1881 1042 1950 codex
1066 1879 1173 1964 όριος,

118 2000 164 2067 rod
191 2003 227 2068 in
252 1999 333 2084 dprcr
357 2014 522 2069 mutarunt
549 2001 712 2069 lacobsius
742 2014 775 2070 et
799 2003 1012 2071 llerrnnnnus.
1061 2001 1115 2072 Vs.
1139 2007 1175 2072 2.

119 2122 280 2189 embranae
300 2121 510 2206 όποτρέφετοιι
532 2122 617 2212 quod
637 2145 673 2188 er
696 2121 822 2189 duobus
842 2121 1032 2214 apographis
1050 2123 1084 2190 in
1102 2123 1174 2191 ὑπο·

119 2241 248 2329 ’ρόφετοιι
278 2245 417 2312 mutarit
445 2245 659 2312 Hermnnnus.
706 2243 797 2310 ldem
834 2269 880 2313 rs.
905 2250 937 2312 3.
963 2245 1102 2312 coniecit
1129 2245 1173 2313 rol

119 2362 280 2448 λοκρότεος
299 2365 332 2434 δὲ
357 2365 395 2453 lif
417 2368 537 2442 αὐτῆς,
563 2363 616 2431 sed
639 2363 771 2430 Diaulus
791 2376 839 2431 est
862 2365 922 2430 riri
944 2388 1085 2445 nomen,
1112 2388 1174 2432 cu·

119 2488 231 2555 rhlius
258 2484 470 2554 Philocrates.
523 2486 575 2554 Vs.
599 2491 630 2553 4.
661 2484 760 2552 codex
782 2487 894 2568 ψυχή,
919 2497 952 2552 et
973 2490 1047 2553 κοτ’
1069 2488 1173 2554 Ἀντι·

119 2608 192 2684 νιυς.
215 2607 302 2676 Illud
320 2609 355 2675 in
373 2611 483 2691 ψυχῆς
501 2619 659 2673 mutatum
680 2631 696 2671 a
717 2606 872 2674 Salmasio
890 2609 1047 2698 probante
1065 2609 1171 2676 Brun·

119 2731 173 2811 io,
197 2729 260 2797 hoc
278 2727 490 2797 emendarunt
510 2727 674 2796 lacobsius
697 2742 729 2795 et
753 2729 909 2799 Graefius.
933 2730 1097 2797 Iscobsius
1116 2754 1173 2796 au-

119 2872 143 2917 m
172 2851 297 2940 scripto.
321 2858 417 2935 Ψυχῇ
446 2849 744 2939 interpretationem
779 2848 870 2916 dedit
898 2847 1004 2919 hanes
1038 2853 1174 2919 »Amor

119 2970 213 3037 uillus
230 2970 307 3037 dum
325 2970 410 3062 apud
429 2967 575 3060 Psychen
598 2971 777 3058 magistram
795 2968 900 3060 legere
918 2969 1032 3046 discit.
1056 2970 1088 3040 ei
1108 2994 1172 3039 nou

137 3091 222 3183 quod
252 3105 300 3158 est
325 3092 359 3158 in
390 3091 627 3183 pugillaribus,
665 3091 718 3157 sed
753 3091 963 3182 pulchrorum
995 3115 1169 3181 puerorum

120 3215 204 3282 mina
233 3213 376 3280 balbutit
403 3226 437 3279 et
466 3210 670 3280 illecebras.'’
718 3213 920 3279 Hermannus
952 3235 1027 3279 sero
1048 3227 1172 3280 serrato

119 3335 148 3401 r’
170 3332 365 3414 Ἀντιγένους
390 3332 474 3398 benc
500 3346 613 3423 poetae
636 3345 774 3399 mentem
797 3333 893 3398 fuisse
915 3334 1041 3423 putarit
1065 3333 1173 3401 »Bal-

122 3456 206 3523 tiens
229 3455 275 3521 ait
296 3455 396 3520 hmor
424 3453 641 3521 Philocratem
660 3476 791 3533 meum,
817 3454 1005 3544 Antigenis,
1030 3454 1173 3522 animum

119 3598 182 3643 rore
213 3575 346 3643 urere.”
406 3575 468 3661 Qui
499 3574 580 3640 adeo
612 3575 674 3641 hoc
708 3576 902 3664 epigramma
935 3598 971 3640 er
1005 3574 1172 3666 hntigenis

119 3721 210 3765 seona
233 3698 389 3787 scriptum
408 3697 466 3765 eit.
513 3695 576 3764 Sed
598 3696 801 3785 Asclepiades
818 3697 899 3761 dicit
919 3719 1060 3765 amorem
1078 3719 1170 3764 suum

119 3842 139 3887 ο
160 3829 217 3884 ant
233 3817 449 3885 Philocratem
472 3830 528 3883 aut
546 3817 740 3905 Antigencm
759 3816 932 3905 complecti
951 3829 1099 3906 coeperet
1120 3839 1173 3883 re-

119 3954 201 4009 rtem
227 3952 261 4006 et
293 3938 354 4005 sub
383 3940 450 4029 ipsa
476 3939 570 4005 initia
593 3950 752 4005 moratum
775 3936 814 4002 ad
846 3947 981 4004 matrem
1006 3939 1173 4007 revertisse

119 4060 270 4142 erolum,
305 4081 406 4150 quum
440 4060 648 4150 comperisset
675 4057 890 4125 Philocratem
919 4069 952 4124 et
978 4059 1170 4149 Antigenem

119 4197 187 4252 rtuo
210 4207 243 4250 se
272 4183 410 4250 invicem
435 4205 562 4260 amare,
590 4204 682 4247 suum
708 4181 807 4268 igitur
832 4200 974 4246 amorem
1004 4179 1067 4247 hoc
1087 4184 1172 4251 laeto
