2784 5174
590 374 790 436 --1111-ὴ

119 342 123 357 Ι

119 386 123 399 Ι

119 404 132 481 i

145 560 246 642 ιε’ριις,
281 559 367 649 quod
401 580 475 624 sane
506 560 600 648 piscis
629 574 761 626 naturae
793 563 1080 631 accommodatum.
1134 566 1229 633 Versu

143 681 234 749 altero
253 690 444 772 corruptum
466 692 513 745 est
541 686 676 763 πρῶτον,
702 704 774 747 nam
797 681 876 748 haec
898 681 1022 749 concha
1042 682 1154 752 haberi
1175 711 1229 753 nea

120 804 205 893 3quit
237 805 389 894 princeps
414 826 492 893 prae
512 802 581 868 aliis
614 806 646 868 in
679 800 741 868 hoc
770 804 903 869 Veneris
934 805 1055 895 templo
1085 805 1231 874 dedicata

138 943 212 991 esse.
262 924 317 992 Vs.
343 927 378 991 6.
414 922 582 990 emendato
610 924 650 987 ab
682 923 866 990 Hermanno
898 927 1019 1015 optime
1047 928 1228 998 scribetur:

130 1035 183 1125 air·
215 1043 294 1129 ἔργα
318 1042 456 1126 τοῦνομα
478 1071 508 1110 τ.
558 1046 612 1112 Vs.
633 1049 666 1112 7.
700 1069 763 1110 non
797 1044 941 1136 intelligo
969 1048 1048 1136 quid
1076 1050 1229 1124 sit‘dirar

130 1156 305 1241 Ἰουλίδας,
329 1186 479 1255 proquo
508 1165 563 1230 alii
590 1177 704 1255 poetae
733 1188 863 1232 manum
894 1168 1065 1256 genuinam
1088 1183 1231 1260 praesta·

127 1282 226 1354 hunt.
276 1286 332 1352 Vs.
358 1290 409 1353 10.
443 1309 502 1376 pro
526 1293 646 1368 νοτερῆς
678 1285 815 1350 libenter
840 1307 1026 1375 reponerem
1056 1282 1165 1374 γοεριῗς
1184 1328 1231 1342 -

121 1405 294 1482 ἁλκυόνης.
342 1404 404 1472 Sed
437 1405 530 1497 longe
563 1407 760 1494 ineptissime
786 1406 936 1472 extulisse
964 1410 1125 1496 putandus
1148 1411 1231 1478 foret

121 1541 235 1621 poete·
255 1531 444 1595 sententiam
470 1529 501 1593 in
527 1529 592 1592 fine
615 1527 876 1615 epigrammatis,
902 1528 926 1592 si
957 1552 1066 1595 resera
1094 1530 1230 1598 Selenen

123 1648 205 1717 ideo
221 1671 239 1716 ι
258 1648 382 1715 Venere
401 1630 517 1738 gratias
536 1650 598 1713 sibi
618 1646 836 1737 rependendas
858 1661 1019 1736 precatam
1045 1650 1123 1716 fecit
1143 1652 1230 1741 quod

123 1768 268 1858 Smyrna
292 1783 372 1835 essct
396 1769 542 1835 oriunda.
592 1768 671 1835 Mihi
694 1768 809 1833 idonea
834 1771 990 1835 sententia
1014 1774 1160 1838 restituta
1182 1775 1230 1839 τίό

123 1891 248 1969 detur,
272 1900 437 1958 correcto:

646 2005 706 2075 eihs
729 2010 793 2092 γὰρ
817 2011 915 2076 ἐσθλοὶ

312 2129 405 2214 ῥέζειν
428 2134 446 2207 ἦ
471 2129 613 2212 Σμύρνης
637 2130 713 2205 εἴτις
736 2132 794 2196 ἆτ’
813 2130 964 2205 Alcithoe.

124 2253 246 2324 Selene
277 2252 362 2319 euim
389 2275 470 2319 nora
495 2260 594 2342 nupta
623 2275 699 2341 prae
730 2254 862 2320 caeteris
886 2250 1076 2319 mulieribus
1096 2264 1128 2321 et
1151 2256 1231 2322 ciri·

125 2374 190 2441 bus
216 2372 399 2461 Smyrnaeis
427 2371 548 2438 honum
566 2384 756 2461 rectumque
776 2371 883 2439 colere
902 2371 1108 2463 perhibetur.
1155 2374 1231 2444 cat-

125 2494 262 2562 limachi
291 2515 393 2563 unutn
425 2495 522 2560 vertit
552 2494 745 2583 epigramma
773 2494 925 2561 Horatius
946 2493 976 2562 l.
1000 2493 1070 2564 Sat.
1094 2501 1125 2564 2.
1154 2498 1230 2566 105.

126 2617 269 2683 alterum
298 2616 338 2702 Q·
363 2613 496 2682 Catulus
526 2614 610 2702 apud
646 2614 731 2681 Geli.
755 2614 856 2693 xlx,
883 2618 913 2681 9.
953 2615 1083 2707 tertium
1116 2618 1231 2684 Latine

125 2760 318 2807 conversum
340 2736 455 2825 legitur
474 2737 506 2800 in
527 2736 698 2801 Catalectis
720 2736 832 2824 Virgil.
848 2736 944 2813 xlv,
970 2761 1003 2827 p.
1019 2740 1097 2806 346.
1122 2739 1231 2805 Toub-

128 2882 228 2938 ner.,
264 2871 415 2950 quartum
447 2858 597 2946 expressit
632 2857 764 2923 Helvius
795 2855 897 2924 Cinna
928 2858 960 2923 in
994 2856 1131 2926 dnthol.
1155 2861 1228 2930 Lata

127 2994 153 3049 t.
172 2981 202 3048 1.
227 3003 261 3069 p.
281 2982 357 3046 440.

174 3098 343 3168 Secundus
372 3111 444 3188 post
466 3097 662 3188 Meleagrum
687 3097 900 3189 huthologiae
930 3097 1080 3165 conditor
1111 3104 1230 3169 exstitit

126 3220 301 3313 Philippus
332 3218 622 3287 Thessalonicensis
654 3220 719 3284 sire
740 3218 897 3295 Macedo,
929 3219 986 3308 qui
1014 3241 1047 3284 se
1068 3220 1165 3310 plane
1189 3223 1227 3288 ad

129 3344 286 3434 Meleagri
315 3341 477 3432 exemplar
501 3339 715 3430 Anthologiae
741 3341 882 3407 earmina
913 3340 1078 3431 digessisse
1107 3344 1229 3432 proles⁴

128 3490 179 3534 sus
204 3477 253 3532 est
278 3463 380 3532 Anth.
406 3463 474 3530 Pal.
493 3463 559 3542 IV,
585 3466 616 3527 2.
643 3485 739 3551 quam
760 3460 905 3530 Coronae
923 3464 1155 3553 praelationem
1173 3465 1226 3532 hio

125 3608 289 3680 epponem
311 3585 490 3673 integram:

211 3706 334 3775 ”Artes
358 3730 403 3771 τοι
426 3705 541 3788 δρέψας
566 3705 751 3778 Ἑλικώνιαι,
777 3706 829 3770 καὶ
855 3705 1068 3787 ιιλντοδένδρον

310 3828 434 3910 Πιερίας
458 3825 560 3908 κείρας
584 3825 803 3908 πρατοφύτονς
827 3824 991 3899 κάλυκας,

215 3947 274 4015 καὶ
298 3947 417 4020 asellos
436 3954 544 4028 νεαρῆς
567 3945 686 4029 deploras
710 3943 837 4026 οταχιιν
855 3944 1078 4022 αντανέιιλεξα

309 4076 374 4144 τοῖς
396 4067 621 4150 Μελεαγρείοις
645 4070 684 4141 ὡς
708 4067 808 4132 ἴκελον
831 4065 1011 4150 στεφάνοις.

213 4188 311 4257 ἄλλα
336 4188 547 4270 παλαιοτέρων
571 4188 653 4262 εἰδὼς
677 4186 784 4261 κλέος,
811 4187 899 4252 ἑτθλὲ
920 4186 1067 4267 Maiestate

310 4311 401 4390 γνῶθι
422 4312 474 4375 καὶ
496 4309 665 4390 ὁτλιτὲραι
688 4312 744 4386 τὴν
764 4309 990 4391 ὅλιγοττιχίνρν.

960 4430 994 4492 ΙΙ
