2784 5174
513 382 715 444 -115—

56 565 179 655 viginti
208 563 407 639 stadiorum,
439 586 531 630 sensu
556 589 670 656 perum
703 568 891 658 expedito.”
942 571 1043 656 Quem
1068 516 1161 662 expe1

60 688 259 756 ditissimum
284 683 367 751 mihi
390 687 566 754 restituisse
585 688 695 757 videor
719 690 941 760 emendando:

159 826 165 839 “
244 807 290 881 δίς
313 806 390 874 δίκον
412 809 469 889 πρὸ
492 808 624 876 σταδίων
647 812 819 891 ἕνοογόνοον.

62 924 188 1019 Viginti
222 929 309 994 enim
339 927 516 995 stadiorum
545 930 607 996 hoc
638 933 798 1012 stadium,
831 933 871 1001 ed
898 936 988 1001 cuius
1020 953 1163 1003 carceres

61 1050 215 1117 Mercurii
236 1051 341 1138 inrogo
365 1047 522 1117 collocate
543 1066 636 1128 eret,
662 1053 759 1120 fuisse
793 1054 934 1125 ridetur.
981 1054 1031 1124 dd
1055 1067 1162 1122 toturn

61 1172 261 1261 epigramma
294 1169 519 1238 illustrandum
553 1174 631 1239 facit
666 1176 833 1265 inscriptio
865 1176 1031 1267 Philippi,
1065 1198 1162 1266 quem

66 1294 98 1358 in
134 1290 253 1358 librum
294 1304 416 1360 sertum
455 1294 694 1373 οίννόνμοιτικῶν
730 1296 842 1362 retulit
877 1295 1058 1386 cephalos,
1091 1297 1161 1375 VI,

64 1434 94 1482 c.
119 1416 196 1481 259.
259 1484 261 1489 .

155 1534 214 1609 Τίς
233 1533 286 1600 τόν
304 1531 422 1616 όχνονν
442 1538 558 1616 Ἑρμῆν
581 1559 616 1601 οε
636 1539 710 1618 ποορ’
729 1537 972 1617 deprimerem
994 1536 1117 1614 ἔόνκενς

245 1655 281 1735 β.
305 1655 493 1740 Ἑρμογένης
516 1680 549 1722 a.
575 1655 655 1730 τίνος
678 1656 716 1723 όίν
739 1658 804 1723 xri.

62 1776 244 1846 Mneselcee
263 1790 363 1843 exstat
379 1776 547 1868 inscriptio
571 1776 612 1845 d.
635 1776 672 1846 P.
697 1777 765 1858 IX,
790 1781 869 1848 333.

110 1904 240 1978 Στῶμεν
263 1898 504 1980 οἱλορροίντονο
523 1899 610 1981 ποορόο
629 1900 843 1981 χόονμοολοδν
865 1896 986 1982 χόόνοο
1008 1888 1161 1976 πόντον,

200 2018 371 2102 δερκόμενον
393 2019 520 2100 τέμενος
544 2019 693 2102 Κύπριδος
713 2020 853 2097 είνοολίονς

109 2139 225 2222 κροίνοον
247 2144 278 2208 τ’
301 2140 460 2226 νίμείροοορ
484 2141 671 2218 κοντοίοκνον,
697 2140 736 2218 ris
759 2138 823 2210 όίπο
842 2147 931 2223 νόμον

200 2260 303 2339 foedari
326 2261 524 2347 οἶφόττοντοον
544 2263 686 2344 χείλεσιν
710 2262 871 2337 ἀλκυόνες.

59 2379 168 2448 Gnius
188 2383 310 2471 primus
331 2404 438 2448 versus
459 2383 606 2471 pluribus
626 2385 818 2474 corruptelis
838 2383 960 2450 obsitus
976 2395 1037 2451 est.
1086 2383 1166 2452 Nem

57 2524 156 2569 mere
175 2502 239 2568 dici
261 2504 375 2592 nequit
397 2502 600 2587 ἁλίρροοντον,
627 2503 692 2568 dici
720 2525 794 2570 rere
824 2516 912 2569 recte
942 2514 1049 2593 potest
1077 2502 1165 2587 οίλνρ-

55 2621 168 2707 ρόόιον.
216 2624 258 2691 Et
280 2624 460 2706 χόονμοολδν
489 2622 589 2706 χόόνοο
612 2621 724 2689 πόντον
750 2623 919 2711 ineptum,
945 2644 1045 2712 quern
1076 2622 1166 2690 nulle

55 2762 140 2836 epte
162 2744 209 2810 ris
231 2745 337 2813 verbis
359 2747 443 2828 χόὼν
462 2744 575 2812 πόντον
599 2745 699 2811 tribui
727 2745 839 2833 possit.
886 2743 950 2811 Sed
972 2743 1059 2812 hisce
1082 2742 1168 2813 vitiis

56 2858 217 2933 medendi
248 2888 312 2932 non
342 2889 404 2933 une
429 2879 552 2934 tentum
582 2869 615 2933 in
645 2879 776 2956 promtu
808 2879 856 2932 est
883 2868 979 2936 retio.
1026 2866 1168 2934 Serretis

56 2989 153 3055 enim
170 2987 351 3071 οδλίρροοντον
383 3002 416 3056 et
435 2988 548 3056 πόντον
570 2989 668 3056 scribi
691 3000 819 3077 potest:
844 2994 967 3070 στῶμεν
986 2988 1168 3074 οἱλίρρονντον

56 3108 180 3175 πόντον
201 3111 379 3191 χόομοολόον
402 3111 490 3192 ποορόο
513 3112 590 3176 όΐνοο.
639 3107 701 3177 Sed
732 3108 907 3198 elegantius
926 3109 1164 3181 emendaveris:

57 3226 233 3312 ἁλιρροόίον
255 3228 378 3297 πόντον.
426 3231 475 3297 lte
497 3229 612 3296 idonea
630 3230 786 3296 sententie
799 3221 919 3318 poetae
931 3220 1078 3296 restitute
1097 3244 1167 3309 est,

60 3350 122 3418 sed
144 3348 246 3418 fateor
267 3350 347 3418 mihi
366 3376 443 3443 pree
460 3351 512 3418 his
530 3352 647 3442 quibus
676 3351 798 3419 leniore
830 3374 926 3417 meno
948 3342 1086 3442 ineptias
1105 3342 1167 3419 tol-

62 3472 134 3553 irs,
160 3472 302 3539 arridere
330 3472 586 3540 emendationem
607 3496 690 3562 quae
714 3471 867 3540 audacior
889 3473 954 3540 dici
976 3474 1098 3564 possit:

161 3599 292 3673 Στῶμεν
315 3593 481 3677 οίλιρροόίον
501 3594 680 3677 χόονμοολόον
699 3593 788 3678 ποορίο
807 3597 876 3661 όῖνον
893 3593 1067 3671 όοολοίοονς.
1162 3626 1165 3632 ·

63 3715 138 3783 Hoc
157 3714 337 3782 Mneseleee
356 3737 485 3782 carmen
504 3718 625 3806 excipit
642 3717 756 3783 Persee
777 3718 944 3805 inscriptio
968 3739 998 3785 c.
1021 3720 1099 3783 334.

157 3836 250 3916 Κοίμὲ
274 3837 326 3902 τόν
349 3837 381 3902 ἕν
403 3844 541 3919 σμικροῖς
565 3838 671 3914 ὀλίγον
691 3835 755 3902 θεὸν
775 3839 811 3913 ἣν
831 3835 986 3918 όποβόορς

250 3957 418 4040 εὐμοίρως,
444 3954 556 4041 rediit·
581 3959 626 4037 pei
650 3955 801 4037 μεγοίλων
826 3956 857 4022 δὲ
880 3955 1008 4036 μλίχον.

155 4078 199 4150 ὡς
223 4074 292 4142 ότι
316 4076 531 4160 δνμορέρων
555 4077 685 4144 δύνοντος
710 4079 773 4152 deis
793 4077 876 4160 οίνδρὶ
901 4075 1035 4160 πενίοτρ

248 4197 424 4280 δωρεῖοόοοο.
452 4199 566 4266 τούτων
590 4199 688 4281 κύριός
713 4202 776 4278 είμο
798 4199 925 4280 Τόχων.

56 4322 114 4390 Vs.
138 4324 176 4387 3.
215 4320 247 4404 in
284 4331 402 4388 textum
443 4323 549 4409 recepi
582 4318 650 4385 ότι
687 4321 771 4410 quod
795 4321 974 4389 Meinekius
1009 4318 1079 4388 Del.
1108 4321 1168 4411 Ep.

892 4439 938 4505 gs
