2784 5174
518 355 694 416 ..17-

147 543 204 610 Ἐνι
228 539 328 613 νέκυος
349 538 467 616 ταύτην
486 535 582 606 όττου
601 539 768 622 γράψατόε
792 541 938 620 γενέθλην

239 666 386 745 σφῆκας·
410 659 459 728 ἴδ’·
474 658 509 739 ἐξ
531 656 596 726 οἵων
616 657 666 727 οἷα
688 663 786 738 τίόητι
807 663 913 746 φάτις.

55 784 122 853 Sed
154 783 244 852 nulla
267 782 484 874 inscriptionis
517 795 591 849 nota
627 783 658 848 in
689 781 829 851 eiusdem
863 799 976 874 poetae
1010 787 1151 854 versibus

55 907 145 995 App.
170 905 232 994 up.
256 909 307 971 14.
334 916 365 969 et
389 900 473 992 apud
495 902 670 969 Varronem
694 902 735 969 ds
756 903 937 975 R.1t.111.
966 907 1018 974 16.
1042 927 1064 971 >r
1079 905 1150 972 Pri-

54 1046 146 1091 mum
172 1046 245 1115 apes
266 1033 440 1090 naseuntur
461 1022 579 1111 partim
602 1044 638 1088 ex
658 1020 793 1113 apibus,
817 1025 936 1114 purtim
964 1047 1001 1091 ex
1028 1025 1152 1093 bubulo

53 1165 193 1234 corpore
215 1143 410 1234 putrefacto.
457 1141 577 1230 ltaque.
597 1141 772 1209 Archelaus
790 1143 823 1208 in
847 1145 1085 1237 Epigrammata
1108 1146 1153 1213 ait

53 1285 194 1332 essessa

397 1380 469 1461 βοός
492 1380 642 1465 φόνμένης
667 1382 870 1461 πεποτημέναι
893 1383 998 1450 τέκνον.

55 1503 171 1571 Idem:

145 1619 246 1690 ἵππων
268 1625 326 1704 μὲν
345 1628 465 1706 σφῆκες
486 1622 604 1701 γενεά,
630 1621 758 1705 μόσχων
777 1621 809 1688 δὲ
827 1621 1014 1702 μέλιτοαι.”

55 1743 145 1813 llaec
184 1743 279 1811 dueta
317 1741 463 1810 ridentur
495 1766 532 1809 ax
561 1742 654 1809 libris
692 1741 844 1811 Archelai
887 1742 1150 1823 Chersonesitae,

55 1861 177 1954 quihus
198 1864 310 1931 titulus
331 1862 487 1947 Ἰδιοφυῆ,
515 1885 545 1931 v.
565 1861 685 1930 Athen.
697 1862 744 1930 IX
756 1911 767 1943 ‚
788 1867 852 1931 409
877 1861 915 1932 (δ.
940 1862 1051 1934 Schol.
1077 1865 1152 1935 Nie.

57 1981 159 2054 Ther.
178 1987 263 2064 822,
301 2007 366 2074 quo
399 1983 592 2073 intelligitur
624 1980 707 2050 hane
740 1982 936 2052 Mirabilium
970 1986 1152 2074 congeriem

58 2105 155 2173 unies
179 2104 217 2171 ad
240 2103 407 2172 historiam
429 2104 607 2169 naturalem
636 2102 849 2192 pertinuisse,
873 2115 906 2170 et
924 2102 1020 2171 latius
1044 2117 1154 2195 patere

57 2247 176 2291 nomen
208 2224 354 2292 usitatius
384 2222 558 2304 Θαυμάοια
583 2223 648 2289 sire
677 2221 845 2306 Παράδοξα
879 2223 963 2313 apud
995 2224 1152 2313 Antigon.

59 2332 187 2434 Carysti
209 2368 240 2414 e.
263 2349 319 2414 89.
352 2343 407 2410 καό
428 2366 486 2409 τινι
511 2343 759 2427 ε’πιγραμμοιτόιρ
781 2344 1062 2427 περιτεπτόκαμεν
1082 2349 1153 2426 Ἀρ·

55 2463 201 2550 χελάον,
234 2461 266 2539 δι
303 2462 371 2544 περὶ
400 2466 459 2527 τάν
492 2461 682 2539 Θαυμασίων
714 2460 767 2526 καὶ
801 2467 892 2528 τοῦτο
924 2459 1152 2547 καταγράφει·

58 2583 203 2654 »πάντα
225 2621 271 2632 -
292 2581 468 2665 Κόκροτα”
495 2580 599 2670 (App.
625 2581 686 2670 llp.
707 2581 782 2665 14),
810 2581 865 2646 uhi
893 2583 1042 2672 corrige:
1067 2578 1098 2657 ός
1122 2583 1155 2650 ἐν

56 2708 100 2790 τῷ
122 2703 192 2787 περὶ
218 2703 407 2782 Θαυμασίων
423 2719 469 2750 -’-
483 2697 688 2783 άναγράφει,
715 2711 745 2765 at
770 2722 799 2767 e.
823 2703 875 2768 19.
900 2692 955 2768 ααό
972 2727 1019 2776 τις
1041 2701 1154 2784 Ἀρχό-

55 2843 132 2900 λιιοο
153 2821 327 2903 Αἰγύπτιος
351 2828 409 2889 τῶν
430 2823 461 2888 ἐν
485 2817 725 2904 ἐπιγράμμασιν
749 2817 960 2900 ἐξηγουμένων
983 2819 1026 2888 τά
1050 2820 1152 2906 ταρά-

55 2944 132 3025 δοξα
151 2946 193 3029 τῷ
211 2943 408 3026 Πτολεμαίῳ.
444 2942 546 3028 Quem
565 2940 783 3007 Ptolemaeum
803 2938 1052 3031 Philadelphum
1073 2943 1155 3010 luis·

56 3088 90 3134 se
113 3063 338 3132 verosimiliter
357 3074 501 3129 statuunt
525 3063 586 3130 riri
617 3060 704 3128 docti
731 3073 865 3151 propter
897 3059 1029 3127 Diodori
1050 3061 1152 3130 Siculi

57 3185 158 3253 rerba
181 3184 244 3252 lll.
270 3186 326 3252 36.
357 3182 372 3246 ό
395 3180 459 3264 γόιρ
482 3179 618 3264 διάτορος
644 3188 840 3261 Πτολεμαῖος
865 3180 935 3262 περό
957 3205 992 3247 πε
1016 3183 1071 3258 την
1094 3188 1154 3250 τόν

55 3303 240 3395 ἐλεφάντων
264 3302 414 3391 κυνηγίαν
435 3301 660 3387 ’φιλοτιμηθεὶς
692 3297 745 3366 καὶ
778 3305 840 3374 τοῖς
872 3298 932 3375 τόις
964 3300 1155 3385 παραδόξους

56 3428 152 3508 όνὶρας
174 3429 233 3516 τάν
252 3419 482 3503 άνικιμωτάτων
505 3420 584 3506 ζῴων
608 3417 794 3500 ποιουμένοις
821 3418 973 3499 μεγάλαι
992 3421 1155 3503 άτονὲμων

56 3543 172 3628 δωρεάς
195 3582 241 3594 —-
263 3543 315 3610 καὶ
340 3547 399 3608 τῶν
421 3538 527 3609 ἄλλων
551 3540 631 3626 ζῴων
661 3540 846 3622 άόεωράτονς
878 3539 931 3607 καὶ
964 3541 1155 3624 παραδόξους

55 3663 172 3750 φάσεις
192 3664 331 3740 ἕποιἠοεν
354 3663 398 3737 εἰς
421 3666 531 3741 γνῶσιν
564 3663 662 3749 ἕλόεῖν
684 3668 748 3736 τοῖς
770 3660 933 3745 Ἕλλησιν.
982 3663 1070 3749 llaec
1091 3662 1154 3727 mi·

55 3783 175 3854 rabilia
202 3798 234 3852 et
258 3784 389 3851 omniuo
413 3760 519 3850 omnia
545 3780 733 3848 animalium
762 3803 879 3869 genera
898 3782 931 3845 in
954 3782 1060 3868 regias
1079 3803 1155 3871 par·

53 3924 125 3977 tem
150 3904 359 3972 Alexandriae
378 3899 515 3967 adducta
539 3900 634 3966 fuisse
655 3912 687 3966 et
710 3921 768 3988 per
798 3922 832 3964 se
852 3897 1019 3989 probabile
1046 3912 1078 3966 et
1106 3899 1156 3968 di·

52 4026 154 4095 sertis
178 4024 282 4091 serbis
300 4034 432 4091 testatur
445 4019 629 4089 Athenaeus
647 4019 744 4098 xlv,
771 4023 835 4086 654
861 4018 898 4088 0.
924 4028 1119 4101 Πτολεμαῖος
1139 4024 1155 4089 ό

50 4144 214 4230 βασιλεὺς
236 4145 266 4210 ἐν
286 4147 328 4228 τῷ
348 4140 572 4229 δυοκαιδεκάτιρ
595 4145 654 4208 τῶν
677 4139 926 4231 Ὑπομνημάτων
947 4141 1014 4226 περὶ
1042 4148 1101 4208 τῶν
1124 4143 1156 4206 ἐν

48 4264 282 4351 Ἀλεξανδρεία
305 4263 473 4345 βασιλείων
497 4261 599 4341 λόγων
620 4260 671 4329 καὶ
693 4266 750 4351 τῶν
771 4263 801 4328 ἐν
821 4264 926 4335 αὐτοῖς
949 4259 1027 4343 ζῴων
1043 4267 1153 4346 τρεφο-

907 4381 929 4443 2
