2784 5174
615 390 795 454 ...20-

161 579 322 648 Historiac
345 576 421 643 huic
451 571 589 641 fabulari
612 574 806 642 enarrandae
829 573 862 640 in
890 575 1121 665 epigrammate
1147 577 1262 647 nuilus

160 699 261 767 locus.
306 695 370 766 Sed
400 692 614 764 Callimachus
641 704 710 763 erat
736 690 921 775 Battiades,
945 694 1034 763 Batti
1053 696 1166 780 tilius,
1191 714 1260 791 qua

160 818 366 906 homonymia
396 838 469 882 usus
498 815 564 882 sive
586 814 693 905 potius
713 812 830 881 abusus
858 822 907 882 est
936 813 1130 906 Apollonius
1154 830 1193 887 ut
1210 821 1265 899 nin.-

160 935 394 1006 Grilimaehum
416 932 586 1002 maledicta
609 934 769 1024 ingereret
792 933 1053 1025 eiqueirsudsm
1073 937 1257 1029 exprobra-

158 1070 219 1127 ret.
247 1055 317 1123 'td
337 1055 422 1123 idern
443 1054 625 1122 carminum·
641 1077 741 1146 penus
769 1054 936 1123 referenda
959 1067 1035 1123 sunt
1054 1056 1257 1127 Dioscuridis

156 1178 385 1269 epigrammate
408 1176 449 1246 A.
471 1175 508 1245 Ρ.
530 1174 596 1254 XI,
621 1177 687 1245 363
709 1189 743 1244 et
770 1179 856 1255 195,
879 1174 935 1243 ssd
958 1174 1124 1268 aliquanta
1148 1177 1257 1247 lenius

156 1310 205 1366 est
227 1298 421 1388 epigramma
444 1292 532 1384 quod
558 1292 734 1386 Sophocles
765 1295 799 1362 in
824 1295 939 1387 sulpur
966 1295 1088 1379 edidit,
1122 1296 1255 1369 ulturus

156 1416 321 1507 Euripidis
339 1414 496 1492 dicteria,
519 1415 572 1480 cui
594 1414 760 1483 materiem
779 1416 923 1484 iocorum
946 1415 1140 1508 praebuerat
1160 1419 1254 1511 qnod

154 1535 255 1628 pallio
288 1547 475 1625 surreptor
503 1555 604 1625 puero
627 1556 767 1626 quocum
791 1557 860 1604 rem
893 1534 1076 1616 habuerat,
1106 1538 1254 1608 semino·

154 1656 214 1723 dns
237 1655 409 1723 destitutus
434 1665 529 1724 esset.
577 1654 625 1723 Iis
653 1677 720 1746 quo
742 1656 959 1746 Hieronymus
982 1655 1132 1725 Rhodius
1160 1660 1253 1751 apud

74 1860 78 1866 ¹
154 1774 274 1844 Athen.
296 1775 397 1857 XIII,
430 1779 485 1844 82.
517 1774 533 1841 d
559 1777 725 1859 Σοφοκλῆς
754 1774 893 1852 ἀκοίτας
923 1775 1064 1853 ἐποίησεν
1089 1778 1133 1854 είς
1152 1780 1255 1848 αὐτὸν

152 1901 286 1964 τοιοῦτον
307 1897 499 1981 ἐπίγραμμα
520 1892 718 1978 χρησάμενος
743 1897 787 1980 τῷ
815 1895 958 1980 περὶτοῦ
983 1895 1091 1965 Ἡλίου
1116 1897 1171 1966 καί
1192 1909 1253 1969 Βο-

151 2013 217 2096 ρίον
244 2014 341 2100 λίνω,
365 2016 418 2084 καί
438 2016 475 2084 τί
500 2015 575 2100 τρίς
599 2015 746 2099 μοιχείαν
770 2017 874 2084 αὐτοῦ
891 2013 1192 2099 παραινιττόμενος·

240 2137 349 2214 Ἥλιος
365 2136 423 2216 ἦν,
447 2137 481 2204 ori
500 2143 601 2212 ταῖς,
625 2133 792 2220 Εὐριπίδη,
816 2132 849 2212 te
868 2159 911 2217 με
928 2136 1082 2220 χλιαίνων

202 2291 205 2297 ·
332 2256 452 2338 γυμνὸν
474 2255 633 2334 ἐποίησεν·
656 2254 702 2323 τοί
726 2255 759 2322 di
777 2258 919 2343 φιλοῦνθ’
937 2255 1045 2340 ἑτέραν

240 2377 352 2459 Βορρᾶς
370 2375 531 2458 ὡμίλησε·
554 2376 594 2443 σὺ
611 2375 639 2444 δ’
654 2377 688 2443 οὗ
708 2375 805 2461 σοφὸς
827 2371 860 2453 ὃς
877 2376 930 2444 τὸν
943 2378 1091 2461 Ἔρωτα,

328 2497 500 2582 ἀλλοτρίαν
521 2498 615 2566 esrai
619 2521 710 2582 ρων,
730 2494 911 2573 λωποδύτην
929 2495 1081 2579 eadric.

151 2613 383 2685 commentarii
414 2617 514 2684 ricem
542 2630 653 2685 tenent
676 2616 865 2704 Hieronymi
889 2617 986 2692 rerba
1009 2640 1099 2711 'quae
1120 2617 1248 2712 integre

151 2735 302 2824 apposuit
321 2733 516 2804 Athenaeus.
548 2735 610 2803 Sed
630 2757 671 2802 ne
688 2734 803 2802 rei-sic
821 2735 953 2826 quidem
972 2760 1065 2806 verus
1082 2740 1248 2831 epigram·

149 2853 513 2945 metissensusopertus.
538 2855 628 2925 Vud
651 2855 875 2946 corrigendum
892 2869 961 2926 est:
986 2863 1106 2941 πειρῶν.
1143 2861 1246 2930 nurt-

149 2972 257 3063 pidem
271 2975 358 3042 enim
376 2995 505 3042 osorem
518 2973 655 3044 alienarn
676 2988 812 3042 tentasse
824 2976 973 3066 quidem,
998 2977 1053 3045 sed
1073 2978 1140 3046 soti
1152 3000 1249 3049 com·¹

148 3104 258 3182 potem
279 3092 399 3162 facturn
424 3116 487 3162 non
512 3118 603 3177 csse,
628 3095 819 3186 intelligitur
838 3119 875 3164 cr
899 3121 944 3167 rs.
966 3103 987 3166 3
1013 3097 1069 3165 ubi
1092 3099 1248 3192 Euripidi

145 3235 253 3282 amors
270 3213 419 3306 flagranti
440 3236 503 3308 npu
523 3215 638 3284 leniter
657 3215 784 3307 placida
804 3217 911 3285 Venus
931 3218 1076 3301 efflasse,
1100 3216 1154 3287 sed
1179 3221 1247 3289 fri·

145 3333 326 3424 gidissimus
350 3349 461 3404 neotus
478 3336 596 3405 Boreas
616 3335 766 3404 adsersus
789 3339 964 3406 occurrisse
986 3338 1116 3410 dieitur.
1151 3340 1247 3410 Uiti-

41 3529 45 3537 ,
145 3477 272 3523 morum
284 3453 384 3544 igitur
401 3477 528 3528 sensns:
556 3481 578 3523 ιι
593 3469 627 3525 tu
648 3455 745 3526 stulte
760 3480 834 3525 sane
846 3506 856 3540 ,
879 3459 946 3550 ipse
969 3457 1120 3528 furtivam
1132 3460 1248 3534 Vens·

142 3656 381 3676 w

144 3783 292 3860 Unumque
309 3781 426 3842 versibus
443 3783 656 3862 Metamorphoses
673 3783 803 3862 scripsisse
819 3784 947 3856 condeio,
965 3795 998 3843 ut
1015 3785 1161 3862 Nicander,
1180 3793 1245 3851 cn.

143 3884 270 3959 thenius,
291 3891 382 3948 Nestor
404 3890 578 3949 Larandensis.
615 3893 650 3948 Et
673 3891 820 3967 Antigonus
838 3890 960 3963 condoce
977 3891 1064 3965 ἔπος,
1089 3895 1244 3958 carminum

142 3987 228 4064 igitur
251 3989 353 4050 heroion
383 4005 467 4052 metro
493 3996 650 4072 scriptorum
666 4005 741 4073 poeta
758 3996 788 4051 in
811 3998 955 4055 certamine
972 3999 1056 4055 victor
1078 3997 1159 4057 fuisse
1181 4020 1243 4079 per»

98 4152 102 4159 ,
142 4091 251 4150 hibetur
268 4093 297 4150 in
319 4094 403 4153 titulo
426 4099 533 4168 Attico,
557 4101 622 4154 01.
647 4115 670 4155 c.
686 4101 761 4169 200,
779 4100 842 4170 ih,
866 4099 939 4159 haud
962 4099 1044 4161 dubie
1069 4103 1187 4164 disemus
1203 4108 1242 4166 uh

141 4198 273 4274 Antigono
297 4201 414 4278 carystio
436 4202 519 4260 nobili
543 4201 666 4260 vitarum
683 4201 826 4280 scriptore,
844 4206 922 4264 cuius
939 4205 1004 4267 dnos
1023 4227 1112 4269 sersus
1131 4229 1163 4270 er
1181 4229 1240 4272 car·

143 4301 215 4361 mine
229 4303 367 4381 dotipotro
384 4304 476 4366 ductos
494 4305 611 4366 leudorit
629 4305 777 4368 Athenaeus
792 4312 832 4385 lii
841 4349 851 4380 ,
870 4313 906 4367 82
924 4312 952 4368 n
