2784 5174
710 385 889 446 ...52⁴

250 567 303 636 οιοιί
328 569 371 633 τοὶ
395 566 530 633 Ἡσιόδου
554 565 605 632 sol
627 565 841 648 Ἀρχιλόχου,
876 566 921 634 ἔτι
945 567 976 634 δὲ
1002 564 1185 646 Μιμνέρμου
1209 563 1263 630 sal
1288 573 1358 632 Φυ-

249 689 382 767 υυλίδου.
417 688 552 777 Propter
567 686 654 754 hunc
671 689 872 777 potissimum
889 687 930 753 ab
949 687 1142 755 Mimnermo
1163 686 1355 755 institutum

250 833 370 877 morsm
404 812 581 900 putaverim
614 808 750 875 alterum
785 831 884 899 genus
920 808 1136 898 elegiacorum
1169 807 1355 875 carminum

249 928 432 1020 neglectum
453 929 597 997 iacuisse.
644 928 729 996 Ilinc
748 914 845 994 uobis
866 928 1030 997 lustranda
1050 941 1252 996 caeterorum
1272 950 1356 1019 poe·

250 1065 353 1118 tarum
387 1068 468 1140 quae
498 1048 648 1141 equidem
680 1062 854 1116 memorata
883 1051 992 1119 inveni
1022 1052 1165 1118 carmina
1196 1049 1355 1138 elegiaca.

211 1226 213 1231 ,
249 1172 291 1239 Ilt
313 1167 607 1259 primumquidem
629 1167 717 1259 quod
747 1170 862 1260 scripsi
880 1172 916 1238 in
947 1172 1092 1261 Epistola
1125 1169 1250 1255 critica
1269 1167 1372 1238 Phi-³

246 1289 346 1379 lolog.
369 1293 455 1358 1850
486 1314 522 1381 p.
544 1293 623 1361 473.
658 1289 856 1382 Theognidis
877 1292 1021 1384 Elegism
1045 1295 1089 1369 είς
1109 1291 1181 1367 τοὺς
1202 1289 1353 1369 ἡττηθὲν·

247 1436 306 1487 τοις
329 1416 388 1478 τῶν
410 1411 605 1495 Συροιιντίυν
632 1413 664 1478 ἐν
683 1420 724 1496 τῇ
751 1413 912 1498 πολιορκίᾳ
946 1413 1042 1482 luisse
1076 1436 1204 1483 carmen
1241 1411 1354 1481 flebile

249 1545 283 1599 et
304 1532 466 1623 lugubre,
502 1532 536 1618 id
558 1532 642 1601 mibi
664 1555 751 1600 nuuc
774 1557 810 1603 rc
833 1533 1021 1625 diligentius
1054 1534 1213 1625 pensitato
1234 1554 1352 1625 parum

246 1650 373 1730 ridetur
390 1652 571 1745 probabile.
595 1653 707 1722 Putem
721 1652 806 1721 euim
823 1667 952 1746 poetam
973 1653 1175 1723 devictorum
1193 1652 1348 1723 rirtutcn

247 1772 423 1842 celebrasse
447 1776 569 1865 inipso
596 1772 686 1841 clade
707 1786 740 1842 et
763 1774 860 1843 caede
892 1777 1125 1867 conspicuam,
1150 1787 1186 1844 ut
1205 1774 1351 1845 Simouii

246 1893 312 1971 des,
325 1897 381 1972 τὴν
404 1895 436 1961 ἕν
459 1901 621 1976 Σολομῖνι
650 1895 837 1977 νοιυμοιχίοιν
869 1897 988 1963 cecinit
1019 1894 1160 1963 carmina
1189 1895 1349 1986 elegiaco.

244 2014 428 2104 Utrumque
451 2027 539 2083 certe
561 2037 689 2083 carmen
714 2013 752 2080 sd
778 2014 947 2105 publicam
979 2027 1103 2106 spectat
1132 2014 1351 2085 calamitatem

245 2148 302 2203 eut
331 2134 511 2204 victoriam.
560 2133 712 2225 Aeschyli
744 2134 954 2204 hauddubie
982 2149 1029 2205 est
1062 2138 1259 2228 epigramma
1272 2152 1285 2217 ,·
1308 2135 1351 2206 de

244 2278 310 2348 quo
338 2253 491 2322 traditum
521 2268 621 2323 exstat
650 2257 684 2323 in
707 2256 782 2323 virs
815 2256 966 2348 Aeschyli
1000 2281 1035 2348 p.
1057 2255 1210 2326 xlv—ed.
1244 2256 1351 2329 ltine.

243 2377 354 2468 Biogr.
379 2376 438 2446 Gr.
462 2399 498 2466 p.
522 2377 598 2447 119.
622 2379 677 2443 44.
711 2377 766 2442 ὑπ’
789 2377 957 2454 Ἀίνρνοιίονν
980 2375 1271 2452 κοιτοοοτουδοιοίεὶς
1295 2377 1353 2445 κοί

244 2496 384 2576 insulsis
404 2498 458 2582 νὲῳ
477 2495 540 2567 ίντι
562 2499 605 2581 τῷ
626 2503 804 2583 Σοφοκλεῖ,
828 2497 917 2565 sset
936 2498 963 2565 δ’
983 2499 1076 2574 ἐνίους
1096 2500 1128 2566 ἐν
1146 2500 1190 2583 τῷ
1209 2500 1254 2573 είς
1274 2499 1352 2575 τοὺς

243 2619 274 2684 ἐν
304 2620 469 2700 Μοιροιίῶυι
493 2617 678 2693 τείνυκίτοις
706 2618 835 2702 ἐλεγείῳ
858 2618 1000 2696 ἡσσηθεὶς
1029 2618 1202 2706 Σιμωνίδῃ·
1224 2620 1352 2705 τὸγὰρ

243 2739 382 2817 ἐλεγείου
410 2737 491 2804 πολὺ
523 2746 579 2814 τῆς
610 2736 678 2819 περὶ
708 2738 743 2804 τὸ
774 2738 937 2819 τυμτοιίίρ
966 2738 1159 2815 λεπτότητος
1193 2737 1351 2822 μετέχειν

243 2857 346 2933 ίίλει,
372 2854 386 2923 ὃ
410 2861 464 2925 τοῦ
485 2857 669 2939 Αἰσχύλου,
694 2861 734 2933 ὥς
754 2856 899 2944 ἔφυμεν,
925 2859 1008 2927 ἐστίν
1025 2859 1199 2943 οίλλίτριον.
1251 2859 1349 2948 Quod

243 2978 461 3046 aWelclrero
483 2979 547 3044 iarn
573 2976 832 3046 animadversum
865 3001 978 3071 perum
1012 2981 1151 3072 respexit
1185 2979 1347 3069 Bergkius

243 3102 299 3190 qui
331 3098 395 3166 hoc
414 3098 635 3167 testimonium
663 3099 703 3166 ad
730 3100 904 3169 Simonidis
934 3102 1051 3192 elegias
1081 3076 1206 3182 traxit,¹
1231 3101 1346 3190 Eprio.

241 3246 275 3312 p.
304 3225 366 3289 771
401 3243 450 3310 sq.
504 3220 676 3297 verissime
708 3244 838 3316 quoque
869 3221 953 3291 idem
987 3223 1182 3291 Welclerus
1214 3221 1342 3314 Syllog.

239 3369 274 3435 p.
299 3347 375 3412 145.
400 3341 441 3409 ad
460 3340 612 3431 Aeschyli
642 3343 872 3433 epigrammata
894 3345 1007 3413 retulit
1040 3345 1128 3416 Plut.
1161 3343 1283 3436 Syrup.¹
1300 3343 1385 3433 Ι,

242 3468 297 3534 10.
322 3470 357 3535 3.
401 3463 561 3540 Γλοιυκίοιρ
584 3463 616 3532 δὲ
639 3463 845 3549 ὁρίίτυρκοιί
866 3454 1021 3546 τὸ“δέξιίν
1044 3467 1136 3550 ιιὲροιρ
1157 3464 1323 3534 Αίοιντιόοιι
1344 3513 1392 3539 „x

240 3592 296 3663 τῆς
320 3585 351 3651 ἒν
373 3586 539 3667 Μοιροιίῶνι
562 3581 769 3669 τοιροιτοίξεοις
793 3585 977 3664 οίτοδοίῆνοοι
1001 3595 1092 3663 τοιίς
1121 3585 1315 3670 Αίτχιίλο

239 3708 311 3786 ess
344 3705 541 3788 μείορίοιυ
571 3704 796 3783 ἐλεγείοις.
826 3708 1013 3785 ἕτιττοῦτο,
1051 3706 1262 3789 ἠγωνισμένου
1283 3709 1388 3787 τίη

239 3826 351 3914 μοίχιρν
381 3827 498 3905 ἐκείνην
526 3827 696 3910 ἕτιφοινῶς.
744 3826 811 3899 Ubi
841 3826 1006 3917 Xylunder
1037 3828 1101 3895 iam
1134 3826 1334 3897 emendavit
1368 3860 1380 3904 ε

238 3956 302 4023 τοῖς
314 3948 483 4028 ἐλεγείοις.
519 3945 588 4014 Nisi
608 3948 724 4018 malis:
748 3950 791 4030 τῷ
809 3949 948 4032 ἐλεγείῳ.
984 3951 1152 4018 Praetereo
1173 3951 1382 4042 corrigen-

238 4071 316 4139 dum
338 4093 404 4137 csse
427 4068 575 4138 conieci:
607 4074 671 4142 τοῖς
694 4068 858 4150 Αίοχύλου
881 4071 925 4146 είς
947 4071 983 4138 τὸ
1005 4070 1140 4155 μείίριον
1164 4072 1335 4153 ἐλεγείοις
1363 4118 1376 4146 ,

237 4195 261 4261 i.
284 4215 314 4257 c.
340 4192 371 4257 in
399 4192 626 4282 epigrammate
656 4190 812 4280 inscripto
841 4192 979 4260 termino
1006 4215 1071 4282 quo
1105 4193 1391 4263 heantidarum·

239 4313 341 4381 tribus
363 4339 379 4379 a
401 4312 487 4380 tribu
517 4312 716 4380 contermino
747 4312 983 4404 seiungebatur.
1032 4315 1135 4382 Possis
1158 4318 1282 4390 etiam:
1319 4312 1358 4378 ἕ
1368 4350 1369 4353 “
