2784 5174
590 345 793 407 -142-

142 533 330 598 sententiam
352 552 449 620 quam
480 531 575 606 etiam
599 530 688 619 prius
719 525 849 596 defendi
879 526 1073 597 disinekinm
1108 550 1175 594 non
1199 552 1248 596 re·

140 666 193 721 cte
222 654 366 720 statuisse
383 653 433 719 de
463 652 565 721 idarci
600 650 782 741 :argentarii
818 649 1027 739 inscriptione
1052 650 1092 718 Δ.
1118 650 1157 719 Ρ.
1180 651 1248 731 vt,

144 779 239 844 201.0

233 892 385 963 Σοὶνδοολοο
401 892 454 960 καὶ
474 894 586 976 μίτρην
608 891 819 975 περικαλλέα,
844 890 897 957 τού
921 915 957 956 τε
977 890 1152 974 μυρὸτνουν

323 1016 500 1100 βόστρυχον
519 1014 634 1098 spatas
656 1009 745 1080 οὖλον
764 1012 829 1078 cirri
844 1012 1038 1093 τλοκοὶμυν,

169 1180 172 1185 -
233 1141 286 1205 ast
308 1138 401 1222 ζώνην
420 1139 473 1205 sat
491 1138 609 1205 λεττδυ
631 1134 792 1215 ὑτένδυμοο
816 1138 907 1202 τοῦτο
932 1141 1062 1217 χιτῶνος

325 1262 377 1328 set
397 1262 442 1328 τοὶ
460 1260 528 1343 περὶ
553 1258 685 1342 ττέρνοος
707 1254 824 1336 datori
840 1256 1044 1338 μοοττόδετοο,

231 1381 391 1465 ἄμβροτον
410 1383 545 1456 εὐώδινος
564 1381 631 1447 ἐπεὶ
654 1379 742 1465 Odys
764 1377 868 1454 νηδύος
892 1375 985 1456 ὄγκον

324 1502 495 1587 Εὐφράντη
516 1505 575 1586 νηῷ
595 1504 684 1579 θῆκεν
707 1501 760 1567 ὑπ’
781 1498 971 1581 Ἀρτέμιδος.

143 1621 194 1688 Ita
214 1620 276 1688 hoc
308 1645 436 1691 carmen
464 1622 568 1690 edidit
594 1622 775 1690 Bruneirius
798 1622 831 1687 in
863 1620 1051 1699 analectis,
1076 1623 1139 1688 nisi
1161 1623 1255 1713 quod

144 1764 191 1810 rs.
214 1748 246 1812 5.
276 1745 403 1834 scripsit
427 1743 570 1828 ἅβροτος.
618 1743 666 1811 ltc
687 1765 753 1832 quo
780 1763 845 1807 uno
877 1742 918 1808 ab
946 1741 1178 1833 elegantissimi
1202 1745 1255 1811 iu·

144 1862 223 1929 dicii
251 1864 319 1929 viro
350 1863 499 1931 dissensit
522 1864 701 1933 Meinekius
734 1888 769 1954 p.
794 1866 856 1930 182
881 1886 930 1953 sq.
958 1861 1121 1947 ἄμβροτον
1146 1867 1254 1933 inter·

143 1996 288 2074 pretatur
310 1984 511 2067 οἱμοὶρτητος,
536 1984 744 2068 οἱμοορτολὸς,
760 1986 995 2070 frustratos,
1019 1998 1056 2052 ut
1074 1984 1254 2077 Euphran-

145 2116 177 2172 te
207 2105 357 2173 abortum
387 2107 513 2176 iecerit.
573 2105 623 2173 nd
659 2127 755 2196 quam
786 2106 1086 2196 interpretationem
1125 2108 1253 2176 recurri
1282 2180 1287 2187 ,

144 2249 259 2317 posse,
294 2229 416 2294 ratione
444 2225 554 2293 habita
586 2239 783 2293 caeterarum
817 2223 960 2292 eiusdem
992 2230 1179 2316 argumenti
1203 2230 1253 2297 in·

145 2347 357 2436 scriptionum
381 2346 533 2437 equidem
557 2347 655 2414 etiam
680 2360 777 2436 atque
801 2346 896 2412 etism
919 2368 1024 2436 nego.
1049 2369 1158 2438 neque
1189 2349 1251 2416 dn·

144 2468 212 2533 bito
233 2469 309 2556 quin
334 2468 430 2534 unice
457 2491 528 2534 aera
552 2472 593 2534 sit
619 2469 794 2536 Hermanni
819 2467 1022 2537 emendatius
1045 2467 1187 2554 ἔμβρυον
1204 2509 1250 2525 -·

141 2589 245 2669 ὅρκον.

191 2711 239 2776 De
266 2733 355 2776 more
380 2710 545 2775 fabrorum
576 2722 608 2774 et
638 2711 790 2798 opificum
823 2712 911 2777 senio
941 2711 1166 2781 coniectorum
1202 2717 1250 2782 in·

144 2843 322 2898 strumenta
352 2831 429 2894 artis
455 2827 516 2895 diis
540 2831 710 2896 dedicandi
735 2846 771 2896 ut
800 2845 831 2897 et
854 2831 995 2899 miiitum
1020 2845 1248 2906 veteranorum

143 2951 224 3018 rude
255 2952 445 3018 donatorum
478 2954 534 3041 qui
566 2951 651 3018 idem
684 2955 716 3017 in
746 2955 841 3019 armis
870 2956 935 3020 suis
962 2954 1069 3022 iacere
1098 2957 1250 3026 solebant

144 3075 250 3141 omnin
279 3075 457 3143 notissima.
505 3073 653 3141 Carmina
682 3087 787 3140 tamen
809 3072 873 3140 huc
904 3077 1080 3167 spectantia
1108 3080 1144 3145 in
1175 3081 1249 3149 An·

144 3195 285 3287 thoiogia
315 3197 399 3263 libro
424 3208 511 3263 serto
539 3218 599 3286 pro
629 3208 720 3297 parte
744 3197 867 3263 minore
891 3210 965 3264 sunt
989 3200 1248 3290 Epigrammata.

144 3319 190 3384 Er
215 3319 460 3408 inscriptionum
484 3339 618 3383 numero
637 3329 684 3383 est
709 3316 771 3383 hoc
788 3317 951 3384 Leonidae
980 3342 1108 3388 carmen
1144 3324 1188 3394 A.
1210 3325 1249 3393 P.

145 3438 209 3508 vl,
236 3443 316 3506 205.
1133 3416 1144 3432 '

141 3586 145 3597 ⁴
229 3557 380 3632 Τέκτονος
403 3556 525 3639 ν’ὶρμενοο
547 3561 654 3624 τοῦτο
673 3558 868 3641 Λεοντίχου,
893 3557 933 3624 οοῖ
949 3586 985 3626 τε
1003 3566 1174 3646 χοροοκτοοδ

321 3682 398 3762 ῥῒνοοο
419 3678 647 3746 saturasset
670 3680 824 3762 τοοχονοὶ
849 3681 978 3765 βορέη,

229 3797 403 3881 στάθμαν
427 3799 479 3866 sat
499 3809 631 3881 μολτεῖοο
654 3802 707 3869 sori
732 3804 766 3867 st
784 3801 896 3883 σχεδὸν
915 3803 1135 3887 οέμφοτλῆνες

320 3926 437 4004 σφῦροοο
461 3920 513 3988 sat
538 3923 641 4004 μίλτῳ
664 3921 827 4005 Φυράμευοο
851 3921 997 3997 κανόνες,

229 4041 270 4106 οἵ
288 4047 317 4108 τ’
340 4044 441 4126 οέρίδες
462 4043 578 4126 ξυστήρ
600 4070 636 4109 τε
660 4045 713 4109 νυοὶ
738 4045 962 4127 ἕττελεοομέυος
986 4044 1074 4122 οὗτος

321 4163 467 4246 ε’μβροδης
491 4163 609 4245 τὲχυοος
632 4165 646 4228 ὃ
671 4164 817 4247 πρότονος
842 4168 999 4242 πέλεκυς,

230 4284 373 4366 aptasset
397 4291 427 4353 τ’
447 4285 590 4361 εὐδίυητοο
610 4286 661 4350 ast
687 4289 854 4365 ὠκηεντοο
879 4291 1007 4372 τέρετροο
