2784 5174
538 381 693 440 -5-

73 565 180 636 animo
210 563 296 632 mibi
317 565 415 632 lirum
441 564 544 632 bresit
567 564 737 633 dicterium
766 564 932 645 volturii,
958 569 1013 657 qui
1033 568 1169 635 innon·

71 685 155 752 risio
175 682 251 751 cibo
271 685 418 776 apposito
441 707 506 752 non
529 707 603 752 naus
629 684 757 752 fastidii
781 707 907 752 oausam
936 689 1062 777 speruit
1086 711 1170 779 que··

65 803 136 871 sala
153 827 232 873 eum
255 777 346 874 nullo
363 805 437 888 sale
456 805 626 874 eonditum
651 814 717 873 esse
735 805 782 874 ad
804 808 902 875 instar
922 808 1166 898 Epigrammntis

69 916 203 996 Grneei'
218 928 309 996 nullo
343 931 489 997 aeumina
525 929 637 996 sslisre
668 928 782 1020 lepore
810 931 1013 1018 praestantis.
1072 931 1165 1018 Quod

67 1047 190 1128 domo,
224 1063 269 1119 ut
300 1048 452 1130 ridetur,
493 1047 627 1115 allatum
646 1081 649 1089 ν
668 1062 700 1115 et
731 1072 748 1114 a
779 1051 847 1115 viro
885 1050 1072 1139 prefectum
1108 1051 1165 1139 qui

66 1169 281 1239 in··eonririis
299 1181 333 1237 et
360 1169 494 1236 oireulis
522 1169 622 1236 multa
652 1170 764 1237 tostire
792 1143 1027 1260 commodeque
1056 1170 1165 1237 disere

65 1289 215 1371 solebntg*
241 1289 327 1358 milri
344 1292 527 1364 innotuerat
546 1293 584 1356 er
613 1290 734 1361 notulis
757 1311 843 1380 qaas
852 1289 1086 1378 Bilderdpsliur'
1107 1289 1165 1357 ad»

63 1410 153 1479 didit
183 1413 321 1480 versioni
358 1413 561 1501 Hpmnorunr
595 1409 989 1479 callimachi-*vernaculo
1018 1421 1165 1483 sermone

61 1531 246 1602 eonleetae.
293 1531 397 1623 quue
426 1555 500 1600 sana
532 1533 579 1599 ria
610 1533 742 1622 dignam
772 1532 936 1600 rideretur
967 1533 1163 1600 ouiasintsr

62 1653 210 1721 eruditos
222 1655 467 1734 fieretnreotio‚
492 1655 553 1721 nisi
568 1652 1162 1747 exponiertiaeompertunalrnberem,

60 1795 132 1842 non
162 1787 285 1843 tantum
316 1775 509 1843 semidootos
534 1777 599 1865 qai*
620 1776 717 1867 rulgo
744 1775 953 1865 elegantiores
979 1773 1161 1852 habentur,
1289 1825 1292 1830 ,

60 1896 291 1962 verumetiam
315 1895 460 1963 eruditos
474 1909 511 1963 et
534 1895 725 1967 eruditionis
747 1896 849 1965 laude·
867 1897 979 1964 claros.
992 1895 1077 1962 viros
1097 1894 1162 1961 iai·

61 2016 189 2083 sissima
210 2017 363 2107 opinione
379 2016 478 2098 duni,
506 2029 618 2108 poetas
636 2017 929 2108 epigrammatarius
953 2017 1091 2084 Graecos
1110 2039 1163 2081 ar·

58 2137 173 2226 gutiae
201 2138 337 2206 maxime
360 2137 518 2206 studuisse
543 2151 575 2206 et
601 2139 723 2206 ineetiir
751 2159 871 2228 eosque
888 2136 1082 2205 ioculariter
1111 2135 1162 2201 ln·

59 2256 184 2325 dentes
209 2271 264 2326 aut
294 2259 408 2326 festiva
438 2261 564 2327 dieseos
587 2273 618 2328 et
643 2261 808 2351 ingeniose
838 2259 1005 2327 mordeam
1035 2280 1161 2347 semper

63 2377 181 2446 telum·
199 2377 333 2468 aliquod
362 2379 516 2447 iaculatos
545 2404 613 2448 esse
645 2381 742 2446 ouius
765 2381 912 2447 aculeum
937 2383 971 2445 in
1003 2379 1161 2445 lectarum

60 2500 180 2567 animis
209 2499 352 2588 relinqui
379 2517 548 2587 cuperent.
597 2500 690 2586 Quod
720 2522 792 2566 nou¹
811 2500 998 2588 refugerunt
1018 2498 1161 2588 quidem

61 2621 326 2687 neo·omiseruat
345 2641 500 2708 prorsas,
526 2619 578 2686 ssd
604 2618 735 2711 sylloge*
749 2619 953 2698 carminum,
985 2619 1162 2708 inquibus

62 2742 129 2809 boo
149 2754 308 2831 ogerum,
332 2741 465 2806 minima
489 2754 537 2807 est
559 2737 776 2830 Anthelagias
806 2735 1063 2830 parssmaximr
1082 2752 1160 2809 rero

62 2861 257 2952 florilegium
286 2860 559 2951 Insoriptionum,
596 2861 733 2951 quarum
754 2858 1029 2951 longasplnrirnas
1044 2883 1160 2930 revera

61 2982 275 3051 marmoribus
301 2982 419 3051 incisae
449 2980 607 3062 inerunt,
631 2981 777 3072 reliquas
795 2982 847 3048 ita·
867 2981 1007 3072 scriptae
1027 2997 1159 3051 suntet
1194 3040 1195 3044 ,

61 3100 164 3193 lapidi
181 3102 373 3193 ‘insculptae
403 3103 501 3170 luisse
538 3101 646 3170 rideri-
676 3101 813 3193 possint.
866 3103 935 3170 lam
962 3103 1158 3194 antiquiores

60 3222 152 3291 euim⁴
164 3223 429 3316 epigrammatum
442 3224 616 3315 scriptores
636 3223 855 3303 carminibus,
875 3222 992 3314 quibus
1015 3226 1157 3293 virorum

59 3345 146 3412 fama
169 3343 329 3413 nobilium
352 3345 411 3413 sed
429 3345 553 3413 dudum
576 3357 778 3413 mortuorum
791 3380 793 3384 ·
808 3346 1165 3414 memoriamoelebrae

60 3476 160 3544 runt,
185 3465 405 3555 inscriptionis
434 3465 572 3560 formant
595 3465 812 3547 addiderunt,
839 3482 902 3557 qun
923 3469 1029 3556 speeie
1049 3470 1082 3534 in
1106 3490 1158 3533 ar-

58 3597 215 3675 gumento
237 3584 363 3655 diverso
384 3600 531 3655 nauseat
557 3587 655 3654 etiarn
676 3583 938 3655 drehemelusin
959 3589 1102 3656 carmine
1122 3590 1156 3655 in

57 3724 177 3774 navem
195 3705 347 3774 Hieronis
370 3707 471 3774 mirae
493 3705 726 3797 magnitudinis
741 3720 774 3773 et
794 3708 1052 3797 magnilioentiae
1070 3709 1155 3798 apud

58 3825 182 3896 Athen.
202 3828 251 3906 V,
277 3829 345 3896 209
366 3827 405 3895 0.
453 3826 550 3894 Plane
582 3824 693 3893 eadem
727 3827 850 3893 ratione
872 3826 909 3890 ad
941 3828 1157 3916 inseriptionis
1278 3900 1282 3908 ‚

56 3969 206 4016 normam
230 3949 412 4037 oonsoripta
435 3959 510 4014 sunt
541 3946 667 4036 aliquot
699 3968 799 4036 parra
817 3948 969 4013 ‘earmina
989 3948 1155 4016 oeoosreol

55 4071 123 4138 sive
144 4071 254 4160 potius
271 4069 392 4152 λοίδοροι
415 4066 570 4147 dicanda,
596 4067 714 4158 quibus
732 4067 827 4134 etiam
846 4067 1056 4157 antiquissimi
1073 4092 1154 4161 pos·

56 4202 109 4258 tae
132 4190 284 4256 inimioos
310 4189 441 4279 petiisse
465 4187 623 4256 ridentur.
670 4189 720 4255 Ita
743 4185 923 4256 Simonides
947 4190 1154 4259 Timocreon-

52 4326 120 4380 tem
144 4308 208 4378 sibi
230 4308 374 4378 odiosum
396 4307 488 4376 laesit
510 4305 670 4389 disticho,
699 4310 736 4377 l.
757 4309 793 4381 Ρ.
812 4309 896 4391 vll,
921 4313 999 4380 ets.
1038 4358 1043 4364 -
