2784 5174
578 378 780 441 -131-

206 565 375 648 ’'Alpncov.
401 565 539 645 Χαρίτων
560 564 620 629 ὑπὸ
643 563 785 640 παστάδι
806 563 881 648 τᾷδε
905 568 1006 647 τριήρει

311 684 467 752 σταλιδα·
490 688 550 760 τάς
575 686 698 767 πρώτας
721 688 801 752 τοῦθ’
825 685 1005 766 ὑπόδειγμα
1027 684 1156 768 τέχνας.

123 804 192 875 [tbi
225 808 367 891 χαρίτων
401 806 598 895 iungendum
630 831 695 873 esse
729 829 801 872 cum
832 807 971 872 σταιιιδα
1009 807 1229 873 demonstrant

123 927 251 993 teubas
287 929 347 995 ὑπὸ
369 924 509 995 παστάδι
538 926 637 1010 τρῖδε,
677 926 763 1016 quod
796 929 958 994 Minervae
987 926 1099 1018 templi
1132 927 1229 993 fuisse

123 1050 280 1118 coniicic.
326 1049 400 1115 Mox
422 1053 483 1123 τάς
507 1049 630 1131 πρώτας
658 1047 777 1130 τέχνας
806 1048 988 1136 significant
1013 1057 1069 1125 τῆς
1096 1049 1227 1130 άρχαιο-

127 1164 251 1245 τάπης,
276 1182 313 1236 ut
336 1192 429 1259 saepe
458 1169 499 1235 de
527 1170 601 1234 artis
628 1169 778 1258 operibus
810 1169 1000 1235 Pausanias:
1034 1168 1148 1251 τέχνας
1174 1171 1228 1249 άρ·

136 1290 233 1370 καόοος
255 1303 288 1357 et
308 1289 423 1372 τέχνης
453 1299 509 1366 τῆς
533 1291 587 1373 ἐφ’
611 1293 705 1368 ἡμῶν.
756 1288 806 1354 td
836 1288 914 1356 hacc
944 1289 1065 1366 verba,
1098 1289 1229 1356 minime
1275 1286 1278 1293 ’

145 1409 181 1477 atl
200 1411 335 1479 σταλιδα
354 1411 541 1479 referendus
563 1434 670 1476 sersus
692 1433 845 1499 sequeus:

125 1578 133 1587 -
225 1531 345 1599 ταόταν
364 1533 428 1616 γάρ
450 1535 575 1616 πρώταν
593 1537 665 1598 ποτ’
689 1534 828 1612 ε’μάσασο
848 1531 984 1606 Παλλάς
1004 1527 1132 1596 Ἀόάνα.

123 1722 125 1755 Ι
155 1652 226 1721 llaec
251 1656 337 1721 euim
368 1669 415 1723 est
444 1656 665 1745 antiquissima
696 1677 745 1718 ars
777 1654 906 1743 abipsa
933 1651 1062 1719 Pallade
1080 1654 1232 1728 iuuenta,

123 1770 126 1783 '
157 1775 229 1840 caius
254 1774 316 1843 laec
346 1789 492 1866 superest
523 1787 791 1852 monumentum,
825 1776 958 1864 eiusque
987 1775 1062 1840 artis
1085 1771 1234 1863 peritiam

162 1891 301 1982 Gyaioenis
326 1897 440 1963 tribuit
458 1896 622 1976 Minerva,
648 1897 738 1961 urbis
760 1895 872 1985 Cyzici
896 1894 955 1960 dea
977 1895 1135 1962 tutelaris.
1171 1893 1232 1957 vix

162 2028 228 2082 ιοοιο
244 2016 300 2084 alii
323 2029 505 2085 statuerunt
521 2018 606 2085 hanc
626 2016 831 2084 columellam
856 2040 873 2082 a
895 2017 962 2082 Dea
984 2016 1150 2105 Cyzicenis
1176 2014 1233 2079 do-

163 2157 194 2203 νο
208 2137 305 2209 latam
329 2163 416 2218 esse,
440 2163 538 2231 quum
568 2141 760 2206 sententiam
788 2162 824 2205 ea
848 2139 1033 2207 coniectura
1056 2136 1236 2204 intulerunt

165 2278 199 2328 tt.
216 2265 243 2330 l.
266 2261 325 2327 ubi
348 2260 470 2328 codex:
497 2260 590 2328 τάνδε
610 2258 821 2327 πολιστάιιαν.
870 2258 955 2327 Mihi
977 2271 1063 2325 totus
1081 2257 1171 2337 loeus
1191 2256 1236 2322 ita
1354 2345 1355 2348 Ἴ

165 2378 321 2448 unbcudus
345 2380 491 2449 videtum

227 2501 348 2573 τιιάταν
366 2503 431 2587 γάρ
451 2504 575 2586 πρώταν
595 2506 665 2569 ποτ’
689 2504 829 2580 ἐμήσατο
850 2501 986 2574 Παλλάς
1007 2497 1126 2565 Ἀθάνα

314 2623 391 2709 τᾷδε
412 2623 502 2690 πόλει
527 2624 631 2689 καλοὶν
654 2621 849 2690 άντιδιδοῦσοι
872 2620 988 2703 χάριν,

155 2816 159 2827 ,
229 2741 344 2811 οὕνεκεν
365 2745 487 2830 ὑψόστρι
505 2745 664 2827 Τριτωνίδι
688 2745 759 2809 ναὸν
778 2741 902 2820 ἔτευξεν

314 2863 443 2948 Κύζικος
464 2861 513 2933 ἅδ’
533 2869 584 2950 ἱρρῖ
608 2871 723 2948 πρῶτον
744 2867 775 2930 ἐν
795 2864 927 2931 Ἀσιάδι.

167 2978 215 3049 llcc
230 3008 298 3059 tane
326 2986 473 3053 dubitari
497 3000 602 3076 potest
634 2989 714 3077 quin
737 2984 858 3054 οὕνεκεν
884 2984 1090 3053 scribendum
1113 2987 1154 3050 sit
1173 3008 1234 3074 pro

132 3172 135 3177 ,
166 3102 297 3185 τιόιειιεν,
333 3121 367 3176 et
398 3122 471 3199 apte
503 3110 547 3175 ita
580 3110 723 3176 Minerva
758 3109 925 3196 Cyzicenis
949 3130 1008 3198 pro
1042 3105 1162 3197 templo
1190 3128 1236 3172 sa·

168 3239 232 3294 οιιῑο
246 3232 360 3319 gratias
383 3228 568 3319 rependisse
589 3228 722 3296 dicitur.
773 3228 865 3314 Quod
893 3252 952 3317 pro
978 3227 1119 3294 donariis
1143 3224 1235 3291 dedi·

168 3346 225 3413 atu
241 3351 312 3419 dees
336 3350 477 3417 lecturos
497 3373 563 3415 esse
582 3351 614 3415 in
634 3351 715 3414 votis
738 3363 819 3416 erat.
868 3346 987 3415 Confer
1010 3345 1234 3441 Macedonium

168 3464 198 3531 l·
210 3468 240 3541 Ρ.
256 3472 322 3549 Vl,
354 3476 407 3541 40.
433 3479 466 3540 3.

233 3592 275 3667 δός
297 3593 329 3660 δὲ
348 3591 406 3672 βόε
425 3591 509 3674 ζώειν
527 3593 630 3672 ε’τώμω
651 3593 703 3658 καὶ
727 3600 846 3679 πιρδσον
869 3591 998 3673 άροάρας

315 3710 521 3795 δράγματος,
546 3712 697 3793 ι’)ιβόστνν
720 3713 916 3777 άντιδιδοῦσα
938 3709 1033 3792 χάριν

168 3833 245 3902 cn.
269 3841 297 3902 ε.
405 3814 412 3833 ’

123 3952 127 4033 ff
232 3950 266 4020 ών
283 3957 327 4023 τόν
346 3956 404 4037 μὲν
425 3956 460 4021 εἰι
480 3957 606 4031 αόποιο,
632 3956 676 4020 τά
700 3955 725 4020 δ’
747 3950 896 4034 ὑμετέροις
918 3951 981 4016 άπὸ
1002 3949 1114 4032 πέτροις
1201 3938 1206 3946 ’

314 4077 383 4156 δέξο
403 4078 456 4145 καὶ
476 4076 645 4151 άντιδιδοὺς
666 4078 715 4151 δὸς
734 4075 828 4141 πλέον
843 4072 880 4140 ών
900 4072 1030 4151 ἔλαβες.

168 4176 305 4267 llttreen
330 4200 397 4278 vl,
424 4203 502 4266 346.

230 4321 354 4408 Τελλόρ
374 4321 536 4404 ἱμερόεντα
554 4321 623 4400 βίον
645 4319 717 4403 πόρε
741 4317 883 4393 Μαιάδος
909 4315 952 4383 υἱὲ

962 4434 984 4500 9
995 4445 1009 4475 ι
