2784 5174
692 306 897 372 -136-a

247 492 291 558 ris
321 491 425 558 doctis
460 493 626 558 offensioni
657 493 719 558 luit
746 496 879 583 propter
909 493 1040 557 alteram
1073 491 1351 578 comparationem
1389 464 1391 471 Ι

248 613 391 690 illatam,
425 614 510 680 unda
541 614 703 680 lacobsius
732 619 828 696 χνοῦν
852 613 890 681 de
921 636 1032 704 spuma
1066 613 1150 679 circa
1184 635 1242 678 ora
1273 612 1350 702 equi

245 734 381 801 collecta
412 736 640 823 interpretatus
674 748 745 814 est,
781 737 985 823 Boettigerus
1020 755 1093 800 vero
1122 732 1163 800 de
1198 732 1350 799 sordibus

247 879 330 947 aqua
353 855 532 923 abluendis.
583 857 726 942 Quorum
760 868 911 923 neutrum
941 854 1005 920 huo
1036 852 1184 943 quadrat.
1234 851 1349 941 Neque

170 961 171 965 Ἰ
246 976 281 1042 in
304 975 428 1066 duplici
451 977 690 1066 comparatione
713 974 922 1042 haerendum.
968 974 1052 1043 Nam
1077 974 1171 1041 verba
1186 975 1228 1048 ὦς
1252 970 1347 1047 ἵππος

246 1095 285 1163 ad
305 1094 552 1177 ἀποσεισάμενος
577 1100 763 1188 pertinent3
794 1101 885 1188 prior
910 1098 1108 1187 comparatio
1139 1095 1239 1163 verbo
1263 1094 1346 1174 λάμ-

246 1243 298 1285 πεν
321 1216 441 1286 addita.
490 1219 558 1285 lam
583 1233 618 1287 ut
638 1225 733 1302 χνοῦς
754 1218 876 1286 dicitur
897 1216 1044 1287 iuvenilis
1075 1229 1108 1283 at
1133 1215 1273 1306 puerilis
1303 1215 1344 1281 la·

244 1363 354 1431 nugo,
377 1343 421 1406 ita
454 1340 518 1407 hoo
553 1341 624 1406 loco
655 1341 790 1416 πολνκὸς
812 1345 907 1423 χνοῦς
928 1354 975 1408 est
1005 1338 1093 1429 quod
1123 1338 1209 1429 apud
1243 1338 1344 1426 Hesy-

245 1461 358 1529 chium
389 1461 507 1552 legitur
541 1486 572 1531 r.
602 1467 719 1543 μνοῦς·
755 1466 773 1539 ἦ
802 1464 908 1545 πρώτη
937 1468 997 1529 τῶν
1026 1463 1131 1541 οξμνῶν
1148 1459 1209 1543 ,καὶ
1237 1460 1345 1526 πώλων

247 1582 418 1662 sicininum.
467 1586 569 1670 Quam
590 1596 622 1650 et
645 1584 753 1651 colora
774 1597 807 1651 et
838 1585 941 1651 forma
966 1582 1209 1650 diversissimam
1238 1605 1307 1648 esso
1327 1605 1343 1646 a

248 1705 334 1772 iubis
356 1704 556 1795 longioribus
576 1725 735 1797 aquosum
756 1705 939 1773 adultorum
969 1706 1091 1772 nemini
1111 1726 1176 1771 non
1196 1725 1344 1794 comper·

245 1840 328 1895 tum.
375 1825 443 1892 Hac
473 1825 571 1914 igitur
595 1824 768 1893 charixeni
792 1848 867 1894 cum
898 1847 982 1916 equo
1004 1825 1182 1916 comparati
1208 1825 1346 1914 imagine
1389 1884 1391 1889 .

245 1946 456 2038 intelligimus
477 1948 624 2014 iuvenem
651 1946 772 2033 ἔφηβον
794 1949 947 2039 primitiis
972 1948 1166 2038 capillorum
1188 1946 1270 2015 deae
1299 1969 1346 2013 sa·

247 2072 342 2136 oratis
362 2083 467 2159 togam
489 2072 636 2135 sumsisse
664 2070 803 2137 virilem.
849 2069 986 2159 lllegana
1006 2073 1083 2145 item
1113 2068 1220 2137 eidem
1247 2069 1347 2136 dona·

246 2191 294 2255 rio
320 2188 429 2256 addita
451 2189 619 2279 inscriptio
644 2187 863 2280 Euphorionis
888 2193 928 2259 A.
948 2192 986 2260 Ρ.
1012 2191 1080 2268 vl,
1107 2194 1186 2261 279.

337 2311 470 2392 Ποώοοοο
484 2308 598 2375 ὁππότ’
615 2307 707 2386 ἔπεξε
728 2309 831 2384 uotis
851 2310 984 2390 Εὔδοξος
1003 2312 1118 2394 ἐθείρας

427 2431 529 2514 Φοίβῳ
552 2430 694 2507 οοοονδείην
715 2431 840 2498 ὤπασεν
862 2433 1027 2512 οὶγλοοΐην·

336 2552 464 2621 darili
488 2555 513 2618 oi
534 2552 747 2632 πλοκαμῖδος,
772 2551 952 2632 Ἑκηβόλε,
978 2553 1074 2625 sutis
1097 2552 1186 2627 s’arsln

426 2676 601 2755 ὦχοοονῆθεν
623 2674 673 2738 ciel
697 2676 800 2747 κισσὸς
824 2674 1039 2754 οἱεξομένος.

246 2797 302 2864 Vs.
324 2803 355 2864 3.
382 2793 477 2868 κοολός
499 2797 611 2883 scripsi
634 2818 694 2884 pro
718 2794 846 2884 vulgato
879 2797 996 2871 κάλλος
1023 2819 1060 2863 ox
1084 2795 1241 2863 Meinekii
1271 2818 1350 2861 con-

247 2917 370 2982 iectura
398 2916 522 2983 Delect.
556 2939 589 3003 p.
615 2920 690 2982 147.
715 2939 797 3004 quae
825 2918 886 3006 ipsi
919 2918 1042 2984 auctori
1066 2915 1248 3005 probabilis
1274 2920 1349 3008 qni·
1389 2930 1391 2935 '

246 3036 318 3104 dem
341 3039 429 3116 visa,
455 3036 509 3103 sed
535 3059 608 3102 vera
632 3036 718 3102 haud
741 3038 840 3103 dubie
862 3037 960 3104 altera
986 3036 1088 3106 haec:

336 3160 406 3224 olari
425 3159 458 3225 δέ
477 3159 505 3223 οἱ
521 3157 733 3238 πλοκομῖδος,
759 3157 937 3237 Ἑκηβόλε,
961 3159 1079 3234 κάλλος
1099 3160 1188 3234 ἐπείη

426 3280 627 3361 χὼχοοονῆθεν
648 3280 699 3344 ἀεὶ
723 3280 827 3354 κνοοὸς
849 3278 1025 3358 ἀεξόμενος.

247 3399 369 3490 Optare
394 3401 482 3467 enim
516 3414 643 3489 poetam
666 3413 702 3465 ut
732 3424 792 3490 pro
825 3400 971 3490 deposito
1004 3403 1197 3492 capillorum
1229 3402 1347 3469 decora
1388 3486 1391 3491 Ι

247 3536 395 3588 uenustas
416 3543 518 3610 puero
540 3534 573 3587 at
596 3520 713 3586 hedera
741 3520 962 3602 Acharneosi,
995 3523 1018 3589 i.
1041 3546 1071 3591 e.
1094 3522 1223 3611 poetica
1244 3526 1347 3589 virtus

248 3641 406 3732 obtingat.
450 3640 516 3708 sed
536 3645 674 3732 speciem
695 3643 839 3733 pulcram
858 3643 934 3717 deos
955 3666 1019 3709 non
1043 3656 1156 3733 rogant
1175 3643 1210 3710 in
1229 3646 1347 3711 inseri·

245 3764 413 3856 ptiooibus
437 3760 531 3830 huius
552 3768 732 3854 argumenti
759 3787 818 3832 nec
840 3779 915 3854 apto
935 3788 1005 3831 eam
1026 3765 1212 3856 Apollinem
1235 3789 1347 3856 rogas·
1389 3746 1391 3753 Ι

246 3898 293 3952 set
321 3908 413 3975 puer.
461 3886 628 3953 Praeterea
663 3886 779 3953 sellem
811 3886 991 3954 Meinekius
1019 3887 1171 3977 exemplis
1209 3884 1346 3954 damon·

246 4019 374 4073 strasset
394 4009 515 4074 Graece
544 4007 668 4073 dictum
688 4029 776 4072 esse:
800 4005 918 4081 κάλλος
947 4004 1073 4074 ἔπεστιν
1095 4009 1192 4090 uiri.
1240 4009 1347 4094 Quare

246 4127 342 4201 κοολός
378 4127 531 4216 praetuli.
579 4127 678 4217 Optat
705 4127 806 4215 igitur
840 4149 920 4216 puer
956 4141 992 4194 ut
1024 4151 1082 4217 pro
1115 4127 1181 4194 hoo
1210 4134 1347 4196 munere'

247 4248 357 4316 oblato
381 4248 533 4316 victoriae
565 4247 742 4336 praemium
768 4248 799 4313 in
828 4246 911 4316 ludis
942 4251 1075 4317 scenicis
1103 4249 1162 4316 sibi
1185 4249 1345 4340 obtingat.
