<?xml version="1.0" encoding="UTF-8"?>
<!DOCTYPE html PUBLIC "-//W3C//DTD XHTML 1.0 Transitional//EN"
    "http://www.w3.org/TR/xhtml1/DTD/xhtml1-transitional.dtd">
<html xmlns="http://www.w3.org/1999/xhtml" xml:lang="en" lang="en">
 <head>
  <title>
</title>
<meta http-equiv="Content-Type" content="text/html;charset=utf-8" />
  <meta name='ocr-system' content='tesseract 3.04.00' />
  <meta name='ocr-capabilities' content='ocr_page ocr_carea ocr_par ocr_line ocrx_word'/>
</head>
<body>
  <div class='ocr_page' id='page_1' title='image "./commentationisc02heckgoog_0116.png"; bbox 0 0 2784 5174; ppageno 0'>
   <div class='ocr_carea' id='block_1_1' title="bbox 537 378 714 440">
    <p class='ocr_par' dir='ltr' id='par_1_1' title="bbox 537 378 714 440">
     <span class='ocr_line' id='line_1_1' title="bbox 537 378 714 440; baseline -0.006 -16"><span class='ocrx_word' id='word_1_1' title='bbox 537 378 714 440; x_wconf 79' lang='lat'><strong>..99-</strong></span> 
     </span>
    </p>
   </div>
   <div class='ocr_carea' id='block_1_2' title="bbox 64 560 1167 1383">
    <p class='ocr_par' dir='ltr' id='par_1_2' title="bbox 64 560 1167 1383">
     <span class='ocr_line' id='line_1_2' title="bbox 68 560 1164 651; baseline 0.005 -21"><span class='ocrx_word' id='word_1_2' title='bbox 68 564 107 630; x_wconf 94' lang='lat' dir='ltr'><strong>ln</strong></span> <span class='ocrx_word' id='word_1_3' title='bbox 137 564 230 630; x_wconf 85' lang='lat' dir='ltr'><strong>cuius</strong></span> <span class='ocrx_word' id='word_1_4' title='bbox 253 584 298 630; x_wconf 84' lang='lat' dir='ltr'><strong>ra.</strong></span> <span class='ocrx_word' id='word_1_5' title='bbox 318 567 339 628; x_wconf 88' lang='lat'><em>8</em></span> <span class='ocrx_word' id='word_1_6' title='bbox 363 584 398 628; x_wconf 84' lang='lat' dir='ltr'><strong>er</strong></span> <span class='ocrx_word' id='word_1_7' title='bbox 429 561 541 627; x_wconf 86' lang='lat' dir='ltr'><strong>codice</strong></span> <span class='ocrx_word' id='word_1_8' title='bbox 562 563 687 627; x_wconf 82' lang='lat' dir='ltr'><strong>restitui</strong></span> <span class='ocrx_word' id='word_1_9' title='bbox 709 560 741 628; x_wconf 88' lang='grc' dir='ltr'><strong>όν</strong></span> <span class='ocrx_word' id='word_1_10' title='bbox 763 561 847 651; x_wconf 90' lang='lat' dir='ltr'><strong>quod</strong></span> <span class='ocrx_word' id='word_1_11' title='bbox 880 563 912 628; x_wconf 92' lang='lat' dir='ltr'><strong>iu</strong></span> <span class='ocrx_word' id='word_1_12' title='bbox 939 561 970 628; x_wconf 79' lang='grc' dir='ltr'><strong>ἕν</strong></span> <span class='ocrx_word' id='word_1_13' title='bbox 991 576 1164 635; x_wconf 74' lang='lat' dir='ltr'><strong>mutarunt.</strong></span> 
     </span>
     <span class='ocr_line' id='line_1_3' title="bbox 67 682 1167 754; baseline 0.002 -2"><span class='ocrx_word' id='word_1_14' title='bbox 67 685 129 752; x_wconf 92' lang='lat' dir='ltr'><strong>lllo</strong></span> <span class='ocrx_word' id='word_1_15' title='bbox 149 697 322 753; x_wconf 86' lang='lat' dir='ltr'><strong>monentur</strong></span> <span class='ocrx_word' id='word_1_16' title='bbox 347 683 482 751; x_wconf 77' lang='lat' dir='ltr'><strong>lectores</strong></span> <span class='ocrx_word' id='word_1_17' title='bbox 501 682 636 750; x_wconf 89' lang='lat' dir='ltr'><strong>alterum</strong></span> <span class='ocrx_word' id='word_1_18' title='bbox 659 708 695 751; x_wconf 89' lang='lat' dir='ltr'><strong>er</strong></span> <span class='ocrx_word' id='word_1_19' title='bbox 714 685 890 752; x_wconf 81' lang='lat' dir='ltr'><strong>infantibus</strong></span> <span class='ocrx_word' id='word_1_20' title='bbox 914 709 1034 754; x_wconf 87' lang='lat' dir='ltr'><strong>marem</strong></span> <span class='ocrx_word' id='word_1_21' title='bbox 1056 686 1167 754; x_wconf 75' lang='lat' dir='ltr'><strong>deces-</strong></span> 
     </span>
     <span class='ocr_line' id='line_1_4' title="bbox 66 803 1166 895; baseline 0.004 -24"><span class='ocrx_word' id='word_1_22' title='bbox 66 809 156 875; x_wconf 70' lang='lat' dir='ltr'><strong>aisse.</strong></span> <span class='ocrx_word' id='word_1_23' title='bbox 206 807 314 892; x_wconf 76' lang='lat' dir='ltr'><strong>Quum</strong></span> <span class='ocrx_word' id='word_1_24' title='bbox 338 803 378 869; x_wconf 83' lang='lat' dir='ltr'><strong>rle</strong></span> <span class='ocrx_word' id='word_1_25' title='bbox 408 817 522 895; x_wconf 86' lang='lat' dir='ltr'><strong>poetae</strong></span> <span class='ocrx_word' id='word_1_26' title='bbox 544 818 671 881; x_wconf 86' lang='lat' dir='ltr'><strong>aetate,</strong></span> <span class='ocrx_word' id='word_1_27' title='bbox 704 806 793 871; x_wconf 86' lang='lat' dir='ltr'><strong>cuius</strong></span> <span class='ocrx_word' id='word_1_28' title='bbox 814 808 954 873; x_wconf 88' lang='lat' dir='ltr'><strong>carmine</strong></span> <span class='ocrx_word' id='word_1_29' title='bbox 981 809 1014 873; x_wconf 91' lang='lat' dir='ltr'><strong>in</strong></span> <span class='ocrx_word' id='word_1_30' title='bbox 1041 806 1166 875; x_wconf 78' lang='lat' dir='ltr'><strong>Antho-</strong></span> 
     </span>
     <span class='ocr_line' id='line_1_5' title="bbox 64 924 1167 1018; baseline 0.004 -26"><span class='ocrx_word' id='word_1_31' title='bbox 64 927 153 1018; x_wconf 75' lang='lat' dir='ltr'><strong>logie</strong></span> <span class='ocrx_word' id='word_1_32' title='bbox 174 926 363 1014; x_wconf 73' lang='lat' dir='ltr'><strong>Meleagrice</strong></span> <span class='ocrx_word' id='word_1_33' title='bbox 382 924 597 1015; x_wconf 75' lang='lat' dir='ltr'><strong>legebantur,</strong></span> <span class='ocrx_word' id='word_1_34' title='bbox 621 947 685 990; x_wconf 92' lang='lat' dir='ltr'><strong>non</strong></span> <span class='ocrx_word' id='word_1_35' title='bbox 709 925 784 990; x_wconf 87' lang='lat' dir='ltr'><strong>satie</strong></span> <span class='ocrx_word' id='word_1_36' title='bbox 802 924 842 991; x_wconf 90' lang='lat' dir='ltr'><strong>ab</strong></span> <span class='ocrx_word' id='word_1_37' title='bbox 866 928 953 993; x_wconf 89' lang='lat' dir='ltr'><strong>omni</strong></span> <span class='ocrx_word' id='word_1_38' title='bbox 975 941 1067 1018; x_wconf 88' lang='lat' dir='ltr'><strong>parte</strong></span> <span class='ocrx_word' id='word_1_39' title='bbox 1088 950 1167 996; x_wconf 89' lang='lat' dir='ltr'><strong>con·</strong></span> 
     </span>
     <span class='ocr_line' id='line_1_6' title="bbox 64 1045 1167 1141; baseline 0.003 -27"><span class='ocrx_word' id='word_1_40' title='bbox 64 1060 132 1114; x_wconf 86' lang='lat' dir='ltr'><strong>etet</strong></span> <span class='ocrx_word' id='word_1_41' title='bbox 154 1061 187 1114; x_wconf 89' lang='lat' dir='ltr'><strong>ct</strong></span> <span class='ocrx_word' id='word_1_42' title='bbox 206 1045 260 1115; x_wconf 91' lang='lat' dir='ltr'><strong>lric</strong></span> <span class='ocrx_word' id='word_1_43' title='bbox 278 1046 459 1115; x_wconf 78' lang='lat' dir='ltr'><strong>Heraclitus</strong></span> <span class='ocrx_word' id='word_1_44' title='bbox 480 1069 543 1113; x_wconf 93' lang='lat' dir='ltr'><strong>non</strong></span> <span class='ocrx_word' id='word_1_45' title='bbox 561 1045 706 1112; x_wconf 81' lang='lat' dir='ltr'><strong>diversus</strong></span> <span class='ocrx_word' id='word_1_46' title='bbox 729 1045 841 1113; x_wconf 85' lang='lat' dir='ltr'><strong>heberi</strong></span> <span class='ocrx_word' id='word_1_47' title='bbox 861 1050 960 1138; x_wconf 77' lang='lat' dir='ltr'><strong>possit</strong></span> <span class='ocrx_word' id='word_1_48' title='bbox 979 1047 1020 1113; x_wconf 86' lang='lat' dir='ltr'><strong>ab</strong></span> <span class='ocrx_word' id='word_1_49' title='bbox 1040 1051 1167 1141; x_wconf 84' lang='lat' dir='ltr'><strong>ecquali</strong></span> 
     </span>
     <span class='ocr_line' id='line_1_7' title="bbox 64 1166 1167 1258; baseline 0.002 -21"><span class='ocrx_word' id='word_1_50' title='bbox 64 1166 283 1247; x_wconf 78' lang='lat' dir='ltr'><strong>Callimachi,</strong></span> <span class='ocrx_word' id='word_1_51' title='bbox 308 1191 366 1258; x_wconf 90' lang='lat' dir='ltr'><strong>pro</strong></span> <span class='ocrx_word' id='word_1_52' title='bbox 390 1180 480 1234; x_wconf 89' lang='lat' dir='ltr'><strong>certo</strong></span> <span class='ocrx_word' id='word_1_53' title='bbox 501 1166 658 1233; x_wconf 88' lang='lat' dir='ltr'><strong>affirmare</strong></span> <span class='ocrx_word' id='word_1_54' title='bbox 682 1168 757 1233; x_wconf 92' lang='lat' dir='ltr'><strong>nolo</strong></span> <span class='ocrx_word' id='word_1_55' title='bbox 780 1167 867 1258; x_wconf 87' lang='lat' dir='ltr'><strong>quod</strong></span> <span class='ocrx_word' id='word_1_56' title='bbox 889 1170 1167 1240; x_wconf 80' lang='lat' dir='ltr'><strong>verosimillimum</strong></span> 
     </span>
     <span class='ocr_line' id='line_1_8' title="bbox 64 1286 1167 1383; baseline 0.005 -28"><span class='ocrx_word' id='word_1_57' title='bbox 64 1287 155 1355; x_wconf 87' lang='lat' dir='ltr'><strong>mibi</strong></span> <span class='ocrx_word' id='word_1_58' title='bbox 179 1286 325 1367; x_wconf 86' lang='lat' dir='ltr'><strong>ridetur,</strong></span> <span class='ocrx_word' id='word_1_59' title='bbox 358 1289 390 1354; x_wconf 92' lang='lat' dir='ltr'><strong>in</strong></span> <span class='ocrx_word' id='word_1_60' title='bbox 420 1288 523 1353; x_wconf 85' lang='lat' dir='ltr'><strong>altero</strong></span> <span class='ocrx_word' id='word_1_61' title='bbox 551 1286 693 1353; x_wconf 85' lang='lat' dir='ltr'><strong>eiusdem</strong></span> <span class='ocrx_word' id='word_1_62' title='bbox 726 1289 815 1377; x_wconf 87' lang='lat' dir='ltr'><strong>cippi</strong></span> <span class='ocrx_word' id='word_1_63' title='bbox 841 1288 941 1357; x_wconf 89' lang='lat' dir='ltr'><strong>latere</strong></span> <span class='ocrx_word' id='word_1_64' title='bbox 969 1290 1167 1383; x_wconf 79' lang='lat' dir='ltr'><strong>insculptum</strong></span> 
     </span>
    </p>
   </div>
   <div class='ocr_carea' id='block_1_3' title="bbox 10 1407 1246 1620">
    <p class='ocr_par' dir='ltr' id='par_1_3' title="bbox 10 1407 1246 1620">
     <span class='ocr_line' id='line_1_9' title="bbox 10 1407 1170 1515; baseline 0.003 -38"><span class='ocrx_word' id='word_1_65' title='bbox 10 1508 13 1515; x_wconf 14' lang='grc' dir='ltr'>ἡ</span> <span class='ocrx_word' id='word_1_66' title='bbox 61 1412 172 1478; x_wconf 76' lang='lat' dir='ltr'><strong>fuisse</strong></span> <span class='ocrx_word' id='word_1_67' title='bbox 201 1411 397 1501; x_wconf 80' lang='lat' dir='ltr'><strong>epigramma</strong></span> <span class='ocrx_word' id='word_1_68' title='bbox 426 1410 590 1500; x_wconf 74' lang='lat' dir='ltr'><strong>Antipatri</strong></span> <span class='ocrx_word' id='word_1_69' title='bbox 621 1407 748 1476; x_wconf 89' lang='lat' dir='ltr'><strong>Sidonii</strong></span> <span class='ocrx_word' id='word_1_70' title='bbox 773 1408 820 1477; x_wconf 91' lang='lat' dir='ltr'><strong>ib.</strong></span> <span class='ocrx_word' id='word_1_71' title='bbox 844 1432 875 1479; x_wconf 87' lang='lat' dir='ltr'><strong>c.</strong></span> <span class='ocrx_word' id='word_1_72' title='bbox 897 1414 982 1491; x_wconf 89' lang='grc'><strong>464,</strong></span> <span class='ocrx_word' id='word_1_73' title='bbox 1006 1412 1094 1502; x_wconf 83' lang='lat' dir='ltr'><strong>quod</strong></span> <span class='ocrx_word' id='word_1_74' title='bbox 1121 1412 1170 1480; x_wconf 88' lang='lat' dir='ltr'><strong>al·</strong></span> 
     </span>
     <span class='ocr_line' id='line_1_10' title="bbox 64 1521 1246 1620; baseline 0.003 -21"><span class='ocrx_word' id='word_1_75' title='bbox 64 1534 136 1599; x_wconf 87' lang='lat' dir='ltr'><strong>teri</strong></span> <span class='ocrx_word' id='word_1_76' title='bbox 163 1543 247 1599; x_wconf 84' lang='lat' dir='ltr'><strong>corte</strong></span> <span class='ocrx_word' id='word_1_77' title='bbox 275 1527 363 1620; x_wconf 84' lang='lat' dir='ltr'><strong>quod</strong></span> <span class='ocrx_word' id='word_1_78' title='bbox 391 1528 430 1595; x_wconf 79' lang='lat' dir='ltr'><strong>etl</strong></span> <span class='ocrx_word' id='word_1_79' title='bbox 462 1531 627 1595; x_wconf 76' lang='lat' dir='ltr'><strong>maritatis</strong></span> <span class='ocrx_word' id='word_1_80' title='bbox 650 1543 683 1596; x_wconf 88' lang='lat' dir='ltr'><strong>et</strong></span> <span class='ocrx_word' id='word_1_81' title='bbox 708 1529 884 1619; x_wconf 75' lang='lat' dir='ltr'><strong>elegantiae</strong></span> <span class='ocrx_word' id='word_1_82' title='bbox 912 1530 1001 1600; x_wconf 83' lang='lat' dir='ltr'><strong>dctce</strong></span> <span class='ocrx_word' id='word_1_83' title='bbox 1030 1534 1170 1602; x_wconf 88' lang='lat' dir='ltr'><strong>aletere</strong></span> <span class='ocrx_word' id='word_1_84' title='bbox 1241 1521 1246 1531; x_wconf 62' lang='grc'><em>’</em></span> 
     </span>
    </p>
   </div>
   <div class='ocr_carea' id='block_1_4' title="bbox 10 1650 1174 4400">
    <p class='ocr_par' dir='ltr' id='par_1_4' title="bbox 10 1650 1174 4400">
     <span class='ocr_line' id='line_1_11' title="bbox 62 1650 376 1744; baseline -0.003 -24"><span class='ocrx_word' id='word_1_85' title='bbox 62 1650 194 1744; x_wconf 84' lang='lat' dir='ltr'><strong>opponi</strong></span> <span class='ocrx_word' id='word_1_86' title='bbox 213 1664 376 1719; x_wconf 80' lang='lat' dir='ltr'><strong>moretur:</strong></span> 
     </span>
     <span class='ocr_line' id='line_1_12' title="bbox 158 1769 896 1853; baseline -0.003 -14"><span class='ocrx_word' id='word_1_87' title='bbox 158 1770 204 1839; x_wconf 79' lang='grc' dir='ltr'><strong>’Ἦ</strong></span> <span class='ocrx_word' id='word_1_88' title='bbox 222 1794 281 1839; x_wconf 81' lang='grc' dir='ltr'><strong>τον</strong></span> <span class='ocrx_word' id='word_1_89' title='bbox 303 1794 339 1838; x_wconf 86' lang='grc' dir='ltr'><strong>σε</strong></span> <span class='ocrx_word' id='word_1_90' title='bbox 357 1771 483 1853; x_wconf 82' lang='grc' dir='ltr'><em>χθονίοις</em></span> <span class='ocrx_word' id='word_1_91' title='bbox 504 1771 694 1853; x_wconf 78' lang='grc' dir='ltr'><em>Ἀρετνμιόις</em></span> <span class='ocrx_word' id='word_1_92' title='bbox 713 1769 750 1849; x_wconf 75' lang='grc' dir='ltr'><strong>ἐξ</strong></span> <span class='ocrx_word' id='word_1_93' title='bbox 768 1771 896 1840; x_wconf 78' lang='grc' dir='ltr'><em>ιὶιιιθτοιο</em></span> 
     </span>
     <span class='ocr_line' id='line_1_13' title="bbox 251 1893 835 1976; baseline 0 -16"><span class='ocrx_word' id='word_1_94' title='bbox 251 1899 394 1961; x_wconf 80' lang='grc' dir='ltr'><em>Κωκυτοῦ</em></span> <span class='ocrx_word' id='word_1_95' title='bbox 414 1893 544 1972; x_wconf 82' lang='grc' dir='ltr'><em>θεμένοον</em></span> <span class='ocrx_word' id='word_1_96' title='bbox 561 1893 647 1976; x_wconf 84' lang='grc' dir='ltr'><em>1χνος</em></span> <span class='ocrx_word' id='word_1_97' title='bbox 668 1896 718 1960; x_wconf 82' lang='grc' dir='ltr'><strong>ἐτ’</strong></span> <span class='ocrx_word' id='word_1_98' title='bbox 737 1894 835 1970; x_wconf 79' lang='grc' dir='ltr'><em>οἲόόνι,</em></span> 
     </span>
     <span class='ocr_line' id='line_1_14' title="bbox 163 2013 970 2097; baseline 0.001 -16"><span class='ocrx_word' id='word_1_99' title='bbox 163 2014 322 2097; x_wconf 75' lang='grc' dir='ltr'><em>οἰχόμενον</em></span> <span class='ocrx_word' id='word_1_100' title='bbox 344 2013 463 2097; x_wconf 76' lang='grc' dir='ltr'><em>βρέφος</em></span> <span class='ocrx_word' id='word_1_101' title='bbox 482 2013 553 2097; x_wconf 78' lang='grc' dir='ltr'><em>ἄρτι</em></span> <span class='ocrx_word' id='word_1_102' title='bbox 577 2013 633 2096; x_wconf 77' lang='grc' dir='ltr'><strong>νέῳ</strong></span> <span class='ocrx_word' id='word_1_103' title='bbox 654 2014 824 2097; x_wconf 86' lang='grc' dir='ltr'><em>φορέουσιιν</em></span> <span class='ocrx_word' id='word_1_104' title='bbox 842 2018 970 2097; x_wconf 78' lang='grc' dir='ltr'><em>οὶγοστῷ</em></span> 
     </span>
     <span class='ocr_line' id='line_1_15' title="bbox 253 2134 857 2220; baseline 0 -18"><span class='ocrx_word' id='word_1_105' title='bbox 253 2135 397 2219; x_wconf 74' lang='grc' dir='ltr'><em>ᾤκτειραν</em></span> <span class='ocrx_word' id='word_1_106' title='bbox 417 2134 544 2218; x_wconf 76' lang='grc' dir='ltr'><em>θοιλεροιὶ</em></span> <span class='ocrx_word' id='word_1_107' title='bbox 568 2136 699 2218; x_wconf 68' lang='grc' dir='ltr'><em>Δωριθες</em></span> <span class='ocrx_word' id='word_1_108' title='bbox 719 2139 762 2205; x_wconf 79' lang='grc' dir='ltr'><strong>εἰν</strong></span> <span class='ocrx_word' id='word_1_109' title='bbox 781 2136 857 2220; x_wconf 58' lang='lat' dir='ltr'><strong>utto</strong></span> 
     </span>
     <span class='ocr_line' id='line_1_16' title="bbox 163 2254 1014 2341; baseline 0.001 -19"><span class='ocrx_word' id='word_1_110' title='bbox 163 2254 348 2336; x_wconf 86' lang='grc' dir='ltr'><em>τενθόμενοιι</em></span> <span class='ocrx_word' id='word_1_111' title='bbox 366 2254 419 2322; x_wconf 78' lang='grc' dir='ltr'><strong>τέο</strong></span> <span class='ocrx_word' id='word_1_112' title='bbox 439 2264 535 2338; x_wconf 73' lang='grc' dir='ltr'><em>κῆροι·</em></span> <span class='ocrx_word' id='word_1_113' title='bbox 559 2257 597 2322; x_wconf 85' lang='grc' dir='ltr'><strong>σὺ</strong></span> <span class='ocrx_word' id='word_1_114' title='bbox 621 2257 653 2322; x_wconf 76' lang='grc' dir='ltr'><strong>δὲ</strong></span> <span class='ocrx_word' id='word_1_115' title='bbox 677 2255 742 2332; x_wconf 58' lang='lat' dir='ltr'><strong>Sul</strong></span> <span class='ocrx_word' id='word_1_116' title='bbox 747 2281 860 2322; x_wconf 82' lang='grc' dir='ltr'><em>νουσιν</em></span> <span class='ocrx_word' id='word_1_117' title='bbox 882 2259 1014 2341; x_wconf 79' lang='grc' dir='ltr'><em>τοιρειόις</em></span> 
     </span>
     <span class='ocr_line' id='line_1_17' title="bbox 253 2374 928 2461; baseline -0.003 -18"><span class='ocrx_word' id='word_1_118' title='bbox 253 2376 396 2461; x_wconf 73' lang='grc' dir='ltr'><em>θόκρνσιν</em></span> <span class='ocrx_word' id='word_1_119' title='bbox 414 2374 577 2457; x_wconf 78' lang='grc' dir='ltr'><em>ἄγγειλοις</em></span> <span class='ocrx_word' id='word_1_120' title='bbox 597 2378 671 2442; x_wconf 83' lang='grc' dir='ltr'><em>κεῖν’</em></span> <span class='ocrx_word' id='word_1_121' title='bbox 690 2378 813 2458; x_wconf 76' lang='grc' dir='ltr'><em>σόνιοορόν</em></span> <span class='ocrx_word' id='word_1_122' title='bbox 836 2375 928 2450; x_wconf 86' lang='grc' dir='ltr'><em>ἔτος·</em></span> 
     </span>
     <span class='ocr_line' id='line_1_18' title="bbox 162 2495 948 2580; baseline -0.003 -15"><span class='ocrx_word' id='word_1_123' title='bbox 162 2497 287 2565; x_wconf 74' lang='grc' dir='ltr'><em>διπλόον</em></span> <span class='ocrx_word' id='word_1_124' title='bbox 304 2497 439 2564; x_wconf 66' lang='lat' dir='ltr'><strong>villiaco</strong></span> <span class='ocrx_word' id='word_1_125' title='bbox 460 2498 558 2579; x_wconf 81' lang='grc' dir='ltr'><em>φόλοιι</em></span> <span class='ocrx_word' id='word_1_126' title='bbox 576 2496 664 2570; x_wconf 79' lang='grc' dir='ltr'><em>τόκος</em></span> <span class='ocrx_word' id='word_1_127' title='bbox 684 2495 767 2563; x_wconf 77' lang='grc' dir='ltr'><em>ἄλλο</em></span> <span class='ocrx_word' id='word_1_128' title='bbox 785 2497 843 2575; x_wconf 80' lang='grc' dir='ltr'><strong>μὲν</strong></span> <span class='ocrx_word' id='word_1_129' title='bbox 864 2496 948 2580; x_wconf 74' lang='grc' dir='ltr'><em>ἀνδρὶ</em></span> 
     </span>
     <span class='ocr_line' id='line_1_19' title="bbox 253 2614 1069 2702; baseline 0 -17"><span class='ocrx_word' id='word_1_130' title='bbox 253 2616 386 2702; x_wconf 79' lang='grc' dir='ltr'><em>Εὔφρονι</em></span> <span class='ocrx_word' id='word_1_131' title='bbox 407 2617 635 2696; x_wconf 75' lang='grc' dir='ltr'><em>ιιιιλλινιόμοιν,</em></span> <span class='ocrx_word' id='word_1_132' title='bbox 660 2614 742 2681; x_wconf 75' lang='grc' dir='ltr'><em>ἄλλο</em></span> <span class='ocrx_word' id='word_1_133' title='bbox 761 2617 787 2680; x_wconf 75' lang='grc' dir='ltr'><strong>θ’</strong></span> <span class='ocrx_word' id='word_1_134' title='bbox 807 2615 878 2694; x_wconf 72' lang='lat' dir='ltr'><strong>atyn</strong></span> <span class='ocrx_word' id='word_1_135' title='bbox 900 2617 1069 2701; x_wconf 74' lang='grc' dir='ltr'><em>φθιμένοις.</em></span> 
     </span>
     <span class='ocr_line' id='line_1_20' title="bbox 66 2736 1171 2829; baseline -0.003 -19"><span class='ocrx_word' id='word_1_136' title='bbox 66 2739 137 2810; x_wconf 91' lang='lat' dir='ltr'><strong>Ubi</strong></span> <span class='ocrx_word' id='word_1_137' title='bbox 161 2745 252 2807; x_wconf 80' lang='lat' dir='ltr'><strong>ve.5</strong></span> <span class='ocrx_word' id='word_1_138' title='bbox 285 2760 344 2829; x_wconf 90' lang='lat' dir='ltr'><strong>pro</strong></span> <span class='ocrx_word' id='word_1_139' title='bbox 372 2737 521 2815; x_wconf 76' lang='grc' dir='ltr'><em>ξιιόνονσοι</em></span> <span class='ocrx_word' id='word_1_140' title='bbox 548 2736 636 2828; x_wconf 88' lang='lat' dir='ltr'><strong>quod</strong></span> <span class='ocrx_word' id='word_1_141' title='bbox 669 2737 796 2804; x_wconf 80' lang='lat' dir='ltr'><strong>nonuiri</strong></span> <span class='ocrx_word' id='word_1_142' title='bbox 824 2736 865 2804; x_wconf 91' lang='lat' dir='ltr'><strong>de</strong></span> <span class='ocrx_word' id='word_1_143' title='bbox 890 2741 981 2828; x_wconf 81' lang='lat' dir='ltr'><strong>genis</strong></span> <span class='ocrx_word' id='word_1_144' title='bbox 1011 2739 1171 2829; x_wconf 80' lang='lat' dir='ltr'><strong>unguibus</strong></span> 
     </span>
     <span class='ocr_line' id='line_1_21' title="bbox 10 2856 1086 2949; baseline 0 -23"><span class='ocrx_word' id='word_1_145' title='bbox 10 2940 13 2949; x_wconf 32' lang='grc' dir='ltr'>Ι</span> <span class='ocrx_word' id='word_1_146' title='bbox 64 2864 100 2927; x_wconf 91' lang='lat' dir='ltr'><strong>in</strong></span> <span class='ocrx_word' id='word_1_147' title='bbox 125 2859 223 2926; x_wconf 92' lang='lat' dir='ltr'><strong>luctu</strong></span> <span class='ocrx_word' id='word_1_148' title='bbox 241 2857 363 2926; x_wconf 78' lang='lat' dir='ltr'><strong>laniatis</strong></span> <span class='ocrx_word' id='word_1_149' title='bbox 384 2857 527 2938; x_wconf 88' lang='lat' dir='ltr'><strong>dicitur,</strong></span> <span class='ocrx_word' id='word_1_150' title='bbox 552 2857 776 2947; x_wconf 86' lang='lat' dir='ltr'><strong>reponendum</strong></span> <span class='ocrx_word' id='word_1_151' title='bbox 788 2856 915 2926; x_wconf 84' lang='lat' dir='ltr'><strong>videtur</strong></span> <span class='ocrx_word' id='word_1_152' title='bbox 933 2860 1086 2943; x_wconf 78' lang='grc' dir='ltr'><em>ριιθνονσιν.</em></span> 
     </span>
     <span class='ocr_line' id='line_1_22' title="bbox 57 2979 1168 3070; baseline 0 -21"><span class='ocrx_word' id='word_1_153' title='bbox 57 2979 274 3070; x_wconf 73' lang='lat' dir='ltr'><strong>Pergendnnr</strong></span> <span class='ocrx_word' id='word_1_154' title='bbox 305 2979 381 3046; x_wconf 88' lang='lat' dir='ltr'><strong>hinc</strong></span> <span class='ocrx_word' id='word_1_155' title='bbox 409 2981 450 3046; x_wconf 87' lang='lat' dir='ltr'><strong>ad</strong></span> <span class='ocrx_word' id='word_1_156' title='bbox 477 2980 646 3069; x_wconf 76' lang='lat' dir='ltr'><strong>Damageti</strong></span> <span class='ocrx_word' id='word_1_157' title='bbox 676 2980 920 3070; x_wconf 74' lang='lat' dir='ltr'><strong>inscriptionem</strong></span> <span class='ocrx_word' id='word_1_158' title='bbox 953 2980 995 3048; x_wconf 79' lang='grc' dir='ltr'><strong>Δ.</strong></span> <span class='ocrx_word' id='word_1_159' title='bbox 1023 2981 1060 3052; x_wconf 84' lang='grc' dir='ltr'><strong>Ρ.</strong></span> <span class='ocrx_word' id='word_1_160' title='bbox 1083 2983 1168 3064; x_wconf 80' lang='lat' dir='ltr'><strong>Vll,</strong></span> 
     </span>
     <span class='ocr_line' id='line_1_23' title="bbox 57 3108 148 3171; baseline 0.011 -1"><span class='ocrx_word' id='word_1_161' title='bbox 57 3108 148 3171; x_wconf 82' lang='lat'><strong>⁷35.</strong></span> 
     </span>
     <span class='ocr_line' id='line_1_24' title="bbox 160 3220 989 3297; baseline -0.004 -9"><span class='ocrx_word' id='word_1_162' title='bbox 160 3220 351 3296; x_wconf 72' lang='grc' dir='ltr'><em>’Τστότιον,</em></span> <span class='ocrx_word' id='word_1_163' title='bbox 377 3222 504 3288; x_wconf 83' lang='grc' dir='ltr'><em>Φόιιοιιοι</em></span> <span class='ocrx_word' id='word_1_164' title='bbox 526 3223 626 3297; x_wconf 75' lang='grc' dir='ltr'><em>κλυτόν</em></span> <span class='ocrx_word' id='word_1_165' title='bbox 650 3222 746 3296; x_wconf 78' lang='grc' dir='ltr'><em>τόλι,</em></span> <span class='ocrx_word' id='word_1_166' title='bbox 772 3226 862 3287; x_wconf 81' lang='grc' dir='ltr'><em>τοῦτο</em></span> <span class='ocrx_word' id='word_1_167' title='bbox 883 3226 989 3286; x_wconf 81' lang='grc' dir='ltr'><em>Θεοινόι</em></span> 
     </span>
     <span class='ocr_line' id='line_1_25' title="bbox 254 3340 970 3426; baseline -0.003 -16"><span class='ocrx_word' id='word_1_168' title='bbox 254 3340 339 3410; x_wconf 79' lang='grc' dir='ltr'><em>εἶπεν</em></span> <span class='ocrx_word' id='word_1_169' title='bbox 362 3346 393 3418; x_wconf 85' lang='grc' dir='ltr'><strong>ἕς</strong></span> <span class='ocrx_word' id='word_1_170' title='bbox 417 3345 590 3426; x_wconf 71' lang='grc' dir='ltr'><em>ἀτρύγετον</em></span> <span class='ocrx_word' id='word_1_171' title='bbox 613 3344 712 3410; x_wconf 87' lang='grc' dir='ltr'><em>νόιιτοι</em></span> <span class='ocrx_word' id='word_1_172' title='bbox 735 3341 970 3426; x_wconf 71' lang='grc' dir='ltr'><em>κατερχομένη·</em></span> 
     </span>
     <span class='ocr_line' id='line_1_26' title="bbox 163 3461 988 3546; baseline -0.005 -14"><span class='ocrx_word' id='word_1_173' title='bbox 163 3463 525 3545; x_wconf 79' lang='grc' dir='ltr'><em>01μοι1γόιδόστννος·</em></span> <span class='ocrx_word' id='word_1_174' title='bbox 549 3465 728 3546; x_wconf 78' lang='grc' dir='ltr'><em>Ἀντέλλιχε</em></span> <span class='ocrx_word' id='word_1_175' title='bbox 753 3471 838 3530; x_wconf 77' lang='grc' dir='ltr'><em>τοῖον</em></span> <span class='ocrx_word' id='word_1_176' title='bbox 860 3461 988 3543; x_wconf 82' lang='grc' dir='ltr'><em>όμεννε,</em></span> 
     </span>
     <span class='ocr_line' id='line_1_27' title="bbox 256 3585 933 3671; baseline 0 -20"><span class='ocrx_word' id='word_1_177' title='bbox 256 3593 340 3653; x_wconf 79' lang='grc' dir='ltr'><em>τοῖον</em></span> <span class='ocrx_word' id='word_1_178' title='bbox 361 3588 412 3652; x_wconf 83' lang='grc' dir='ltr'><strong>ἐτ’</strong></span> <span class='ocrx_word' id='word_1_179' title='bbox 436 3588 555 3671; x_wconf 70' lang='grc' dir='ltr'><em>οἰκεόρ</em></span> <span class='ocrx_word' id='word_1_180' title='bbox 578 3585 628 3661; x_wconf 76' lang='grc' dir='ltr'><strong>νηῒ</strong></span> <span class='ocrx_word' id='word_1_181' title='bbox 648 3593 746 3670; x_wconf 75' lang='grc' dir='ltr'><em>περᾷς</em></span> <span class='ocrx_word' id='word_1_182' title='bbox 770 3587 933 3664; x_wconf 72' lang='grc' dir='ltr'><em>τόλμγοςς</em></span> 
     </span>
     <span class='ocr_line' id='line_1_28' title="bbox 160 3704 1065 3790; baseline -0.003 -17"><span class='ocrx_word' id='word_1_183' title='bbox 160 3707 266 3790; x_wconf 73' lang='grc' dir='ltr'><em>αὐτὰρ</em></span> <span class='ocrx_word' id='word_1_184' title='bbox 285 3708 362 3786; x_wconf 67' lang='grc' dir='ltr'><em>ἐμεῦ</em></span> <span class='ocrx_word' id='word_1_185' title='bbox 381 3707 527 3790; x_wconf 74' lang='grc' dir='ltr'><em>σχεδόθεν</em></span> <span class='ocrx_word' id='word_1_186' title='bbox 547 3707 637 3790; x_wconf 80' lang='grc' dir='ltr'><em>μόρος</em></span> <span class='ocrx_word' id='word_1_187' title='bbox 660 3704 809 3772; x_wconf 74' lang='grc' dir='ltr'><em>ἵσταται·</em></span> <span class='ocrx_word' id='word_1_188' title='bbox 833 3709 872 3779; x_wconf 77' lang='grc' dir='ltr'><strong>ὡς</strong></span> <span class='ocrx_word' id='word_1_189' title='bbox 893 3704 1007 3786; x_wconf 80' lang='grc' dir='ltr'><em>θφελόν</em></span> <span class='ocrx_word' id='word_1_190' title='bbox 1025 3730 1065 3783; x_wconf 91' lang='grc' dir='ltr'><strong>γε</strong></span> 
     </span>
     <span class='ocr_line' id='line_1_29' title="bbox 255 3827 1015 3912; baseline -0.003 -19"><span class='ocrx_word' id='word_1_191' title='bbox 255 3827 335 3910; x_wconf 77' lang='grc' dir='ltr'><em>χειρὶ</em></span> <span class='ocrx_word' id='word_1_192' title='bbox 352 3829 452 3912; x_wconf 75' lang='grc' dir='ltr'><em>φόλιιν</em></span> <span class='ocrx_word' id='word_1_193' title='bbox 474 3830 530 3905; x_wconf 66' lang='grc' dir='ltr'><strong>τὴν</strong></span> <span class='ocrx_word' id='word_1_194' title='bbox 550 3830 606 3904; x_wconf 67' lang='grc' dir='ltr'><strong>σὴν</strong></span> <span class='ocrx_word' id='word_1_195' title='bbox 625 3834 720 3909; x_wconf 77' lang='grc' dir='ltr'><em>χεῖρον</em></span> <span class='ocrx_word' id='word_1_196' title='bbox 736 3827 885 3905; x_wconf 77' lang='grc' dir='ltr'><em>λαβοῦσιν</em></span> <span class='ocrx_word' id='word_1_197' title='bbox 905 3827 1015 3891; x_wconf 81' lang='grc' dir='ltr'><em>θοινεῖν.</em></span> 
     </span>
     <span class='ocr_line' id='line_1_30' title="bbox 51 3946 1171 4037; baseline -0.005 -16"><span class='ocrx_word' id='word_1_198' title='bbox 51 3950 243 4021; x_wconf 77' lang='lat' dir='ltr'><strong>luvocetio</strong></span> <span class='ocrx_word' id='word_1_199' title='bbox 265 3951 386 4016; x_wconf 82' lang='lat' dir='ltr'><strong>civium</strong></span> <span class='ocrx_word' id='word_1_200' title='bbox 415 3951 503 4016; x_wconf 83' lang='lat' dir='ltr'><strong>urbis</strong></span> <span class='ocrx_word' id='word_1_201' title='bbox 524 3950 688 4016; x_wconf 87' lang='lat' dir='ltr'><strong>Phocaeae</strong></span> <span class='ocrx_word' id='word_1_202' title='bbox 719 3946 795 4013; x_wconf 91' lang='lat' dir='ltr'><strong>hinc</strong></span> <span class='ocrx_word' id='word_1_203' title='bbox 824 3947 1009 4037; x_wconf 79' lang='lat' dir='ltr'><strong>explicanda</strong></span> <span class='ocrx_word' id='word_1_204' title='bbox 1030 3948 1115 4036; x_wconf 90' lang='lat' dir='ltr'><strong>quod</strong></span> <span class='ocrx_word' id='word_1_205' title='bbox 1138 3951 1171 4015; x_wconf 90' lang='lat' dir='ltr'><strong>in</strong></span> 
     </span>
     <span class='ocr_line' id='line_1_31' title="bbox 54 4070 1174 4162; baseline -0.001 -23"><span class='ocrx_word' id='word_1_206' title='bbox 54 4075 125 4142; x_wconf 76' lang='lat' dir='ltr'><strong>viis</strong></span> <span class='ocrx_word' id='word_1_207' title='bbox 150 4070 294 4162; x_wconf 82' lang='lat' dir='ltr'><strong>publicis</strong></span> <span class='ocrx_word' id='word_1_208' title='bbox 316 4086 348 4138; x_wconf 88' lang='lat' dir='ltr'><strong>ct</strong></span> <span class='ocrx_word' id='word_1_209' title='bbox 367 4072 548 4140; x_wconf 83' lang='lat' dir='ltr'><strong>celebribus</strong></span> <span class='ocrx_word' id='word_1_210' title='bbox 577 4071 800 4136; x_wconf 86' lang='lat' dir='ltr'><strong>condebantur</strong></span> <span class='ocrx_word' id='word_1_211' title='bbox 822 4070 966 4148; x_wconf 89' lang='lat' dir='ltr'><strong>mortui,</strong></span> <span class='ocrx_word' id='word_1_212' title='bbox 992 4082 1028 4136; x_wconf 91' lang='lat' dir='ltr'><strong>ut</strong></span> <span class='ocrx_word' id='word_1_213' title='bbox 1048 4073 1174 4138; x_wconf 78' lang='lat' dir='ltr'><strong>Atticus</strong></span> 
     </span>
     <span class='ocr_line' id='line_1_32' title="bbox 58 4190 974 4282; baseline -0.002 -22"><span class='ocrx_word' id='word_1_214' title='bbox 58 4195 159 4260; x_wconf 87' lang='lat' dir='ltr'><strong>iurta</strong></span> <span class='ocrx_word' id='word_1_215' title='bbox 181 4191 264 4258; x_wconf 87' lang='lat' dir='ltr'><strong>riam</strong></span> <span class='ocrx_word' id='word_1_216' title='bbox 287 4192 438 4282; x_wconf 76' lang='lat' dir='ltr'><strong>Appiam.</strong></span> <span class='ocrx_word' id='word_1_217' title='bbox 485 4193 598 4281; x_wconf 76' lang='lat' dir='ltr'><strong>Epigr.</strong></span> <span class='ocrx_word' id='word_1_218' title='bbox 625 4192 744 4259; x_wconf 79' lang='lat' dir='ltr'><strong>Athen.</strong></span> <span class='ocrx_word' id='word_1_219' title='bbox 765 4192 817 4269; x_wconf 84' lang='lat' dir='ltr'><strong>X,</strong></span> <span class='ocrx_word' id='word_1_220' title='bbox 846 4193 908 4257; x_wconf 82' lang='grc'><strong>436</strong></span> <span class='ocrx_word' id='word_1_221' title='bbox 932 4190 974 4258; x_wconf 85' lang='lat' dir='ltr'><strong>u.</strong></span> 
     </span>
     <span class='ocr_line' id='line_1_33' title="bbox 213 4315 1019 4400; baseline -0.004 -18"><span class='ocrx_word' id='word_1_222' title='bbox 213 4315 291 4398; x_wconf 77' lang='grc' dir='ltr'><em>ἠρίον</em></span> <span class='ocrx_word' id='word_1_223' title='bbox 310 4318 442 4392; x_wconf 76' lang='grc' dir='ltr'><em>’Ἄστεος</em></span> <span class='ocrx_word' id='word_1_224' title='bbox 467 4315 616 4395; x_wconf 83' lang='grc' dir='ltr'><em>ὤγιιωσοιν</em></span> <span class='ocrx_word' id='word_1_225' title='bbox 640 4316 715 4400; x_wconf 73' lang='grc' dir='ltr'><em>τᾷδε</em></span> <span class='ocrx_word' id='word_1_226' title='bbox 740 4318 814 4396; x_wconf 71' lang='grc' dir='ltr'><strong>παρ’</strong></span> <span class='ocrx_word' id='word_1_227' title='bbox 837 4315 1019 4396; x_wconf 77' lang='grc' dir='ltr'><em>οὶτριιτιτῷ,</em></span> 
     </span>
    </p>
   </div>
   <div class='ocr_carea' id='block_1_5' title="bbox 902 4435 947 4501">
    <p class='ocr_par' dir='ltr' id='par_1_5' title="bbox 902 4435 947 4501">
     <span class='ocr_line' id='line_1_34' title="bbox 902 4435 947 4501; baseline 0 -30"><span class='ocrx_word' id='word_1_228' title='bbox 902 4435 947 4501; x_wconf 65' lang='lat'><strong>7,</strong></span> 
     </span>
    </p>
   </div>
   <div class='ocr_carea' id='block_1_6' title="bbox 0 0 1396 5174">
    <p class='ocr_par' dir='ltr' id='par_1_6' title="bbox 0 0 1396 5174">
     <span class='ocr_line' id='line_1_35' title="bbox 0 0 1396 5174; baseline 0 5"><span class='ocrx_word' id='word_1_229' title='bbox 0 0 1396 5174; x_wconf 95' lang='lat' dir='ltr'><strong> </strong></span> 
     </span>
    </p>
   </div>
  </div>
 </body>
</html>
