2784 5174
707 338 885 404 *24⁴-

204 514 206 519 ⁴
248 527 390 618 Ubi'pro
408 523 575 611 παρίστησι
594 524 677 618 apud
703 524 905 594 iliodorfium
929 516 1046 612 legitur
1064 522 1280 607 παρατιθέναι.

291 646 408 715 Omnia
430 650 522 714 unius
537 646 744 738 eiusdemque
763 646 888 737 generis
907 645 1135 735 epigrammata
1152 644 1341 713 adscriben·

248 765 287 833 da
308 768 442 857 putari,
468 781 503 835 ut
524 766 772 834 demonstrarem
796 767 984 857 paucissima
1010 778 1134 831 tantum
1164 765 1264 832 huius
1286 786 1340 832 er·

246 889 389 977 gumenti
407 889 637 979 epigrammata
652 889 701 954 ¹ab
718 886 954 978 antiquioribus
975 888 1094 977 scripta
1113 886 1207 953 uobis
1224 906 1341 978 super·

246 1028 333 1081 esse,
359 1004 444 1073 uada
467 1006 680 1097 probabiliter
697 1008 825 1075 efficere
846 1007 923 1075 licet
942 1006 1004 1074 hoc
1025 1028 1124 1097 genus
1144 1007 1251 1097 poesis
1267 1007 1341 1098 epi·

244 1127 471 1218 grammaticae
508 1125 710 1194 citerioribus
743 1125 872 1194 demum
910 1128 1112 1218 temporibus
1152 1126 1340 1196 invaluisse.

243 1246 327 1315 Sunt
346 1245 461 1314 autem
485 1249 591 1315 omnia
608 1248 848 1316 'contumeliosa
871 1249 1035 1340 magisque
1058 1248 1195 1337 pugnaci
1227 1247 1341 1317 lambo

243 1367 350 1435 affinia
373 1389 469 1458 qaam
493 1369 723 1458 epigrammata
754 1368 969 1437 recentiorum
992 1378 1181 1456 poetarum,
1207 1365 1241 1433 in
1264 1369 1341 1458 qui·

244 1489 304 1555 bus
325 1487 432 1556 nullus
458 1488 525 1557 fere
545 1480 633 1557 calor
655 1502 711 1557 aut
731 1490 779 1558 vis
807 1490 972 1570 cernitur,
997 1489 1096 1556 animi
1119 1486 1194 1554 odio
1216 1485 1269 1556 vel
1291 1487 1342 1554 iu·

242 1608 429 1700 dignatione
451 1612 603 1678 concitati
627 1609 768 1693 indicia,
800 1611 924 1702 saepius
954 1631 1031 1677 vero
1049 1609 1233 1699 aucupium·
1248 1605 1368 1676 dele·-

243 1731 391 1799 otationis
406 1730 638 1823 deprehendas.
680 1732 723 1800 flt
740 1754 815 1800 sane
833 1745 928 1799 acute
945 1730 1039 1797 dictis
1057 1729 1189 1798 student
1206 1740 1240 1797 at
1256 1728 1342 1796 alio·

244 1872 316 1919 rum
335 1853 545 1942 exagitatores
563 1853 792 1944 epigrammata
813 1850 875 1919 boo
894 1849 1029 1918 consilio
1048 1848 1212 1940 scripsisse
1229 1847 1342 1916 videa·

243 1984 296 2040 tur
317 1986 354 2041 ut
376 1973 552 2041 lectoribus
582 1973 721 2041 frontem
742 1973 956 2053 extricarunt,
981 1994 1045 2040 aon
1065 1984 1102 2039 ut
1124 1968 1261 2038 ridendo
1287 1991 1343 2038 ve·

244 2116 316 2163 rum
329 2088 719 2186 ‘dicerent-anr'instgnia
744 2094 782 2162 ad
813 2093 1013 2163 irridendum
1034 2094 1111 2160 vitia
1143 2091 1343 2185 perstringe-

243 2229 337 2297 rent,
363 2217 449 2286 uude
480 2218 587 2285 omnia
614 2217 683 2286 fere
705 2218 738 2283 in
760 2216 862 2283 maius
884 2227 978 2283 aucta
1000 2227 1034 2284 et
1056 2227 1183 2306 praeter
1203 2211 1343 2282 modurn

242 2330 440 2429 e'roggerata.
489 2337 612 2424 Quibus
632 2336 705 2404 salis
727 2337 875 2405 acumine
894 2351 928 2404 et
946 2335 1155 2403 dicteriorum
1177 2333 1343 2424 elegantia

242 2460 380 2527 multum
411 2470 553 2551 praestat
579 2460 664 2527 inter
691 2458 853 2526 Romanos
882 2456 1061 2536 Martialis,
1085 2457 1194 2524 sobrio
1212 2457 1244 2523 in
1268 2442 1343 2547 ple·

243 2581 351 2672 risque
379 2580 500 2647 iudicio
523 2602 610 2652 usus.
656 2578 721 2648 Sed
741 2579 792 2646 vel
825 2577 922 2646 baius
944 2579 1076 2670 paginas
1103 2576 1267 2645 homiuem
1290 2601 1345 2645 ra·
1384 2630 1387 2637 .

240 2724 319 2793 pere
345 2702 406 2792 ipsi
430 2703 601 2768 affirmanti
624 2723 687 2767 non
711 2698 902 2768 crediderim
926 2721 1032 2790 neque
1050 2721 1125 2767 vero
1147 2722 1273 2768 omnem
1297 2699 1344 2767 fi·

241 2821 314 2889 dem
336 2820 533 2911 denegarim.
580 2820 645 2892 Sed
669 2821 710 2887 ab
733 2821 969 2912 epigrammatis
1002 2822 1224 2893 Martialis'ea
1256 2843 1345 2914 qaae

241 2940 338 3009 modo
363 2941 627 3033 perlustravimus
650 2941 691 3008 ab
714 2942 952 3031 antiquioribus
980 2942 1109 3011 Graecis
1137 2945 1258 3035 scripta
1286 2942 1344 3011 di-

241 3077 326 3134 stant
357 3061 470 3131 eodem
502 3062 570 3131 fere
598 3062 699 3154 gradu
728 3085 793 3154 quo
825 3063 988 3131 comoedia
1016 3077 1104 3131 vetus
1130 3065 1343 3147 Atticorum,

241 3181 387 3263 cratini,
421 3181 589 3273 Eupolidis
619 3196 651 3251 et
674 3183 898 3275 Aristophanis
919 3208 936 3251 a
959 3184 1124 3252 comoedia
1156 3208 1236 3251 nova
1266 3185 1344 3254 Me·

241 3288 355 3377 nandri
375 3317 408 3372 et
431 3303 638 3374 Philemonis.
686 3305 724 3372 ln
749 3306 788 3379 iis
810 3328 916 3395 neque
937 3304 1047 3372 decori
1076 3328 1181 3395 neque
1204 3304 1343 3376 festivae

241 3426 432 3494 urbanitatis
454 3425 557 3492 ullum
581 3425 725 3492 cernitur
753 3425 894 3494 studium
923 3449 983 3493 ueo
1011 3427 1094 3493 salva
1126 3448 1341 3518 personarum

241 3547 418 3616 reuerentia
452 3547 626 3613 involucris
658 3547 830 3618 maledicta
849 3546 1030 3629 velarunt,
1065 3546 1121 3615 sed
1154 3547 1266 3630 nudo,
1303 3562 1345 3618 ut

240 3672 354 3748 aiunt,
379 3670 484 3759 capite
508 3669 677 3736 conviciati
708 3682 794 3739 sunt.
841 3671 891 3737 Ita
913 3669 953 3738 de
976 3671 1206 3762 epigrammate
1227 3667 1341 3738 Theo·

241 3790 316 3860 criti
351 3787 424 3858 chii
459 3792 606 3881 superius
637 3793 785 3882 apposito
820 3791 986 3882 aliquanto
1017 3791 1144 3881 aptiore
1178 3790 1343 3859 vocabulo

240 3935 313 3978 usus
343 3913 466 3980 videtur
495 3911 687 3980 Plutarchus
716 3913 757 3979 de
780 3914 877 3981 Essil.
912 3935 943 3981 c.
966 3915 1019 3979 18.
1067 3910 1285 3994 Ἀριστοτέλην
1307 3911 1340 3978 δὲ

240 4030 430 4114 λελοιδόρηκε
443 4035 508 4098 ari.
535 4055 630 4122 quam
642 4033 803 4123 Diogenes
816 4031 961 4100 Laertius
973 4083 983 4112 ‚
997 4033 1055 4121 qui
1073 4031 1245 4114 ιὶτέσαωψε
1258 4033 1341 4099 scri·

241 4155 305 4246 psit
327 4153 374 4233 t,
403 4157 456 4222 11.
502 4152 575 4221 Non
604 4154 688 4222 enim
713 4151 942 4245 philosophum
976 4152 1214 4221 nobilissimum
1250 4153 1339 4221 deri·

240 4274 377 4342 dandum
398 4274 548 4364 praebuit
569 4273 758 4342 Theocritus
782 4273 835 4343 sed
866 4276 1032 4343 inimicum
1053 4275 1249 4342 conviciatus
1274 4287 1336 4343 est.
