<?xml version="1.0" encoding="UTF-8"?>
<!DOCTYPE html PUBLIC "-//W3C//DTD XHTML 1.0 Transitional//EN"
    "http://www.w3.org/TR/xhtml1/DTD/xhtml1-transitional.dtd">
<html xmlns="http://www.w3.org/1999/xhtml" xml:lang="en" lang="en">
 <head>
  <title>
</title>
<meta http-equiv="Content-Type" content="text/html;charset=utf-8" />
  <meta name='ocr-system' content='tesseract 3.04.00' />
  <meta name='ocr-capabilities' content='ocr_page ocr_carea ocr_par ocr_line ocrx_word'/>
</head>
<body>
  <div class='ocr_page' id='page_1' title='image "./commentationisc02heckgoog_0227.png"; bbox 0 0 2784 5174; ppageno 0'>
   <div class='ocr_carea' id='block_1_1' title="bbox 604 362 806 425">
    <p class='ocr_par' dir='ltr' id='par_1_1' title="bbox 604 362 806 425">
     <span class='ocr_line' id='line_1_1' title="bbox 604 362 806 425; baseline -0.005 0"><span class='ocrx_word' id='word_1_1' title='bbox 604 362 806 425; x_wconf 83' lang='lat'>-212-</span> 
     </span>
    </p>
   </div>
   <div class='ocr_carea' id='block_1_2' title="bbox 83 546 1299 3902">
    <p class='ocr_par' dir='ltr' id='par_1_2' title="bbox 83 546 1299 3902">
     <span class='ocr_line' id='line_1_2' title="bbox 159 546 1260 639; baseline -0.002 -24"><span class='ocrx_word' id='word_1_2' title='bbox 159 546 268 615; x_wconf 77' lang='lat' dir='ltr'><strong>Omnia</strong></span> <span class='ocrx_word' id='word_1_3' title='bbox 302 549 397 637; x_wconf 84' lang='lat' dir='ltr'><strong>igitur</strong></span> <span class='ocrx_word' id='word_1_4' title='bbox 430 546 489 613; x_wconf 84' lang='lat' dir='ltr'>sibi</span> <span class='ocrx_word' id='word_1_5' title='bbox 525 546 562 613; x_wconf 86' lang='lat' dir='ltr'><strong>od</strong></span> <span class='ocrx_word' id='word_1_6' title='bbox 593 550 747 616; x_wconf 85' lang='lat' dir='ltr'><strong>amasium</strong></span> <span class='ocrx_word' id='word_1_7' title='bbox 780 549 965 639; x_wconf 72' lang='lat' dir='ltr'>properanti</span> <span class='ocrx_word' id='word_1_8' title='bbox 996 546 1130 615; x_wconf 83' lang='lat' dir='ltr'><strong>arlrerra</strong></span> <span class='ocrx_word' id='word_1_9' title='bbox 1163 546 1260 613; x_wconf 84' lang='lat' dir='ltr'><strong>luisse</strong></span> 
     </span>
     <span class='ocr_line' id='line_1_3' title="bbox 156 666 1259 758; baseline 0.002 -25"><span class='ocrx_word' id='word_1_10' title='bbox 156 668 271 735; x_wconf 76' lang='lat' dir='ltr'><strong>scribit</strong></span> <span class='ocrx_word' id='word_1_11' title='bbox 296 682 413 757; x_wconf 82' lang='lat' dir='ltr'><strong>poeta,</strong></span> <span class='ocrx_word' id='word_1_12' title='bbox 438 668 602 758; x_wconf 86' lang='lat' dir='ltr'><strong>pluriam,</strong></span> <span class='ocrx_word' id='word_1_13' title='bbox 636 682 764 737; x_wconf 89' lang='lat' dir='ltr'><strong>noctem</strong></span> <span class='ocrx_word' id='word_1_14' title='bbox 787 670 977 746; x_wconf 85' lang='lat' dir='ltr'><strong>obscuram,</strong></span> <span class='ocrx_word' id='word_1_15' title='bbox 1002 681 1137 737; x_wconf 87' lang='lat' dir='ltr'><strong>rentum</strong></span> <span class='ocrx_word' id='word_1_16' title='bbox 1163 666 1259 735; x_wconf 76' lang='lat' dir='ltr'><strong>relic·</strong></span> 
     </span>
     <span class='ocr_line' id='line_1_4' title="bbox 153 786 1257 881; baseline -0.004 -22"><span class='ocrx_word' id='word_1_17' title='bbox 153 801 293 859; x_wconf 83' lang='lat' dir='ltr'><strong>mentem</strong></span> <span class='ocrx_word' id='word_1_18' title='bbox 312 837 321 867; x_wconf 83' lang='lat'>,</span> <span class='ocrx_word' id='word_1_19' title='bbox 343 786 438 868; x_wconf 79' lang='grc' dir='ltr'><strong><em>μέθνν</em></strong></span> <span class='ocrx_word' id='word_1_20' title='bbox 462 803 604 856; x_wconf 89' lang='lat' dir='ltr'><strong>suamet</strong></span> <span class='ocrx_word' id='word_1_21' title='bbox 627 789 747 881; x_wconf 84' lang='lat' dir='ltr'><strong>plateas</strong></span> <span class='ocrx_word' id='word_1_22' title='bbox 769 789 858 855; x_wconf 84' lang='lat' dir='ltr'><strong>urbis</strong></span> <span class='ocrx_word' id='word_1_23' title='bbox 881 812 993 879; x_wconf 83' lang='lat' dir='ltr'><strong>purum</strong></span> <span class='ocrx_word' id='word_1_24' title='bbox 1016 812 1034 855; x_wconf 89' lang='lat' dir='ltr'><strong>a</strong></span> <span class='ocrx_word' id='word_1_25' title='bbox 1054 788 1189 855; x_wconf 77' lang='lat' dir='ltr'><strong>furibus</strong></span> <span class='ocrx_word' id='word_1_26' title='bbox 1214 788 1257 855; x_wconf 89' lang='lat' dir='ltr'><strong>la-</strong></span> 
     </span>
     <span class='ocr_line' id='line_1_5' title="bbox 149 908 1257 1001; baseline 0 -26"><span class='ocrx_word' id='word_1_27' title='bbox 149 910 366 999; x_wconf 90' lang='lat' dir='ltr'><strong>tronibusque</strong></span> <span class='ocrx_word' id='word_1_28' title='bbox 383 922 479 977; x_wconf 88' lang='lat' dir='ltr'><strong>tutas.</strong></span> <span class='ocrx_word' id='word_1_29' title='bbox 516 908 713 1001; x_wconf 75' lang='lat' dir='ltr'><strong>corruptum</strong></span> <span class='ocrx_word' id='word_1_30' title='bbox 732 911 830 1000; x_wconf 75' lang='lat' dir='ltr'><strong>igitur</strong></span> <span class='ocrx_word' id='word_1_31' title='bbox 850 908 936 975; x_wconf 87' lang='lat' dir='ltr'><strong>haud</strong></span> <span class='ocrx_word' id='word_1_32' title='bbox 956 908 1054 977; x_wconf 80' lang='lat' dir='ltr'><strong>dubie</strong></span> <span class='ocrx_word' id='word_1_33' title='bbox 1077 908 1185 993; x_wconf 82' lang='grc' dir='ltr'><strong><em>τρίτον</em></strong></span> <span class='ocrx_word' id='word_1_34' title='bbox 1205 922 1257 977; x_wconf 84' lang='lat' dir='ltr'><strong>aut</strong></span> 
     </span>
     <span class='ocr_line' id='line_1_6' title="bbox 154 1030 1299 1123; baseline -0.001 -26"><span class='ocrx_word' id='word_1_35' title='bbox 154 1031 190 1097; x_wconf 83' lang='grc' dir='ltr'><strong>τὸ</strong></span> <span class='ocrx_word' id='word_1_36' title='bbox 209 1031 321 1113; x_wconf 80' lang='grc' dir='ltr'><strong><em>τρίτον.</em></strong></span> <span class='ocrx_word' id='word_1_37' title='bbox 368 1031 415 1098; x_wconf 77' lang='lat' dir='ltr'><strong>Ex</strong></span> <span class='ocrx_word' id='word_1_38' title='bbox 436 1030 496 1097; x_wconf 84' lang='lat' dir='ltr'><strong>lrac</strong></span> <span class='ocrx_word' id='word_1_39' title='bbox 519 1045 625 1099; x_wconf 87' lang='lat' dir='ltr'><strong>eutem</strong></span> <span class='ocrx_word' id='word_1_40' title='bbox 648 1033 797 1099; x_wconf 76' lang='lat' dir='ltr'><strong>carminis</strong></span> <span class='ocrx_word' id='word_1_41' title='bbox 818 1032 1087 1120; x_wconf 76' lang='lat' dir='ltr'><strong>interpretatione</strong></span> <span class='ocrx_word' id='word_1_42' title='bbox 1108 1032 1255 1121; x_wconf 88' lang='lat' dir='ltr'><strong>sequitur</strong></span> <span class='ocrx_word' id='word_1_43' title='bbox 1297 1114 1299 1123; x_wconf 33' lang='grc' dir='ltr'>Ι</span> 
     </span>
     <span class='ocr_line' id='line_1_7' title="bbox 153 1150 1253 1233; baseline 0.002 -18"><span class='ocrx_word' id='word_1_44' title='bbox 153 1151 272 1231; x_wconf 79' lang='grc' dir='ltr'><strong><em>ἕβόνοοο</em></strong></span> <span class='ocrx_word' id='word_1_45' title='bbox 296 1176 342 1221; x_wconf 84' lang='lat' dir='ltr'><strong>rs.</strong></span> <span class='ocrx_word' id='word_1_46' title='bbox 361 1158 392 1220; x_wconf 84' lang='lat'><strong>5.</strong></span> <span class='ocrx_word' id='word_1_47' title='bbox 418 1153 548 1220; x_wconf 90' lang='lat' dir='ltr'><strong>omniuo</strong></span> <span class='ocrx_word' id='word_1_48' title='bbox 565 1153 705 1221; x_wconf 90' lang='lat' dir='ltr'><strong>alienum</strong></span> <span class='ocrx_word' id='word_1_49' title='bbox 725 1177 792 1221; x_wconf 86' lang='lat' dir='ltr'><strong>esse</strong></span> <span class='ocrx_word' id='word_1_50' title='bbox 811 1167 844 1220; x_wconf 86' lang='lat' dir='ltr'><strong>et</strong></span> <span class='ocrx_word' id='word_1_51' title='bbox 864 1152 1052 1219; x_wconf 87' lang='lat' dir='ltr'><strong>mutandum</strong></span> <span class='ocrx_word' id='word_1_52' title='bbox 1076 1153 1111 1219; x_wconf 89' lang='lat' dir='ltr'><strong>in</strong></span> <span class='ocrx_word' id='word_1_53' title='bbox 1128 1150 1253 1233; x_wconf 73' lang='grc' dir='ltr'><strong><em>ἐβόνοε.</em></strong></span> 
     </span>
     <span class='ocr_line' id='line_1_8' title="bbox 153 1272 1024 1365; baseline 0.006 -27"><span class='ocrx_word' id='word_1_54' title='bbox 153 1272 332 1341; x_wconf 77' lang='lat' dir='ltr'><strong>Posteriora</strong></span> <span class='ocrx_word' id='word_1_55' title='bbox 350 1274 448 1363; x_wconf 76' lang='lat' dir='ltr'><strong>igitur</strong></span> <span class='ocrx_word' id='word_1_56' title='bbox 469 1273 604 1342; x_wconf 87' lang='lat' dir='ltr'><strong>disticha</strong></span> <span class='ocrx_word' id='word_1_57' title='bbox 629 1276 673 1341; x_wconf 86' lang='lat' dir='ltr'><strong>ita</strong></span> <span class='ocrx_word' id='word_1_58' title='bbox 698 1274 901 1342; x_wconf 85' lang='lat' dir='ltr'><strong>informanda</strong></span> <span class='ocrx_word' id='word_1_59' title='bbox 921 1286 1024 1365; x_wconf 86' lang='lat' dir='ltr'><strong>puto:</strong></span> 
     </span>
     <span class='ocr_line' id='line_1_9' title="bbox 236 1391 1291 1477; baseline 0.001 -17"><span class='ocrx_word' id='word_1_60' title='bbox 236 1395 315 1460; x_wconf 67' lang='grc' dir='ltr'><strong>ἀλλ’</strong></span> <span class='ocrx_word' id='word_1_61' title='bbox 331 1394 346 1461; x_wconf 78' lang='grc' dir='ltr'><strong><em>ὅ</em></strong></span> <span class='ocrx_word' id='word_1_62' title='bbox 364 1395 462 1470; x_wconf 75' lang='grc' dir='ltr'><strong><em>καλὸς</em></strong></span> <span class='ocrx_word' id='word_1_63' title='bbox 483 1393 605 1477; x_wconf 75' lang='grc' dir='ltr'><strong><em>μοοχος</em></strong></span> <span class='ocrx_word' id='word_1_64' title='bbox 624 1395 719 1462; x_wconf 77' lang='grc' dir='ltr'><strong><em>πλέον</em></strong></span> <span class='ocrx_word' id='word_1_65' title='bbox 739 1394 833 1477; x_wconf 71' lang='lat' dir='ltr'><strong>loxos</strong></span> <span class='ocrx_word' id='word_1_66' title='bbox 854 1418 906 1461; x_wconf 86' lang='grc' dir='ltr'><strong><em>κοιν</em></strong></span> <span class='ocrx_word' id='word_1_67' title='bbox 932 1395 1006 1461; x_wconf 81' lang='grc' dir='ltr'><strong>»σὺ</strong></span> <span class='ocrx_word' id='word_1_68' title='bbox 1027 1392 1094 1476; x_wconf 73' lang='grc' dir='ltr'><strong>γὰρ</strong></span> <span class='ocrx_word' id='word_1_69' title='bbox 1112 1391 1213 1469; x_wconf 72' lang='grc' dir='ltr'><strong><em>οὕτως</em></strong></span> <span class='ocrx_word' id='word_1_70' title='bbox 1287 1406 1291 1415; x_wconf 94' lang='grc'><strong>“</strong></span> 
     </span>
     <span class='ocr_line' id='line_1_10' title="bbox 329 1510 1026 1599; baseline 0 -19"><span class='ocrx_word' id='word_1_71' title='bbox 329 1516 439 1591; x_wconf 76' lang='grc' dir='ltr'><strong><em>ἤλυθες</em></strong></span> <span class='ocrx_word' id='word_1_72' title='bbox 461 1515 528 1582; x_wconf 74' lang='grc' dir='ltr'><strong><em>οὐδὲ</em></strong></span> <span class='ocrx_word' id='word_1_73' title='bbox 547 1515 635 1599; x_wconf 77' lang='grc' dir='ltr'><strong><em>θύρην</em></strong></span> <span class='ocrx_word' id='word_1_74' title='bbox 659 1515 732 1598; x_wconf 76' lang='grc' dir='ltr'><strong><em>πρὸς</em></strong></span> <span class='ocrx_word' id='word_1_75' title='bbox 755 1516 834 1595; x_wconf 85' lang='grc' dir='ltr'><strong><em>μοόον</em></strong></span> <span class='ocrx_word' id='word_1_76' title='bbox 855 1510 1026 1596; x_wconf 76' lang='grc' dir='ltr'><strong><em>ἧουχοὶοοος</em></strong></span> 
     </span>
     <span class='ocr_line' id='line_1_11' title="bbox 242 1626 1232 1719; baseline 0.005 -19"><span class='ocrx_word' id='word_1_77' title='bbox 242 1634 316 1719; x_wconf 69' lang='grc' dir='ltr'><strong><em>τῇδε</em></strong></span> <span class='ocrx_word' id='word_1_78' title='bbox 325 1672 372 1687; x_wconf 88' lang='grc'><strong>-</strong></span> <span class='ocrx_word' id='word_1_79' title='bbox 381 1639 504 1704; x_wconf 81' lang='grc' dir='ltr'><strong><em>τοσοῦτ’</em></strong></span> <span class='ocrx_word' id='word_1_80' title='bbox 523 1626 635 1717; x_wconf 60' lang='lat' dir='ltr'><strong>tetrici</strong></span> <span class='ocrx_word' id='word_1_81' title='bbox 648 1675 694 1687; x_wconf 92' lang='lat'><em>-</em></span> <span class='ocrx_word' id='word_1_82' title='bbox 703 1635 938 1719; x_wconf 72' lang='grc' dir='ltr'><strong>βεβρεγμένος·</strong></span> <span class='ocrx_word' id='word_1_83' title='bbox 961 1632 1038 1718; x_wconf 76' lang='grc' dir='ltr'><strong>ἄχρι</strong></span> <span class='ocrx_word' id='word_1_84' title='bbox 1050 1634 1136 1713; x_wconf 70' lang='grc' dir='ltr'><strong><em>τίνος</em></strong></span> <span class='ocrx_word' id='word_1_85' title='bbox 1149 1640 1232 1713; x_wconf 63' lang='lat' dir='ltr'><strong>zm</strong></span> 
     </span>
     <span class='ocr_line' id='line_1_12' title="bbox 332 1753 1061 1842; baseline 0 -19"><span class='ocrx_word' id='word_1_86' title='bbox 332 1762 392 1823; x_wconf 80' lang='grc' dir='ltr'><strong><em>Ζεῦ</em></strong></span> <span class='ocrx_word' id='word_1_87' title='bbox 414 1757 515 1842; x_wconf 74' lang='grc' dir='ltr'><strong><em>Φίλε,</em></strong></span> <span class='ocrx_word' id='word_1_88' title='bbox 539 1758 681 1838; x_wconf 68' lang='lat' dir='ltr'><strong>erycino,</strong></span> <span class='ocrx_word' id='word_1_89' title='bbox 705 1757 819 1831; x_wconf 77' lang='grc' dir='ltr'><strong><em>κούτος</em></strong></span> <span class='ocrx_word' id='word_1_90' title='bbox 840 1757 911 1839; x_wconf 72' lang='grc' dir='ltr'><strong><em>ἐρᾶν</em></strong></span> <span class='ocrx_word' id='word_1_91' title='bbox 934 1753 1061 1836; x_wconf 78' lang='grc' dir='ltr'><strong><em>ἔμοοθες.</em></strong></span> 
     </span>
     <span class='ocr_line' id='line_1_13' title="bbox 152 1873 1251 1969; baseline 0.002 -27"><span class='ocrx_word' id='word_1_92' title='bbox 152 1873 269 1943; x_wconf 76' lang='lat' dir='ltr'><strong>Omnia</strong></span> <span class='ocrx_word' id='word_1_93' title='bbox 293 1877 378 1944; x_wconf 89' lang='lat' dir='ltr'><strong>enim</strong></span> <span class='ocrx_word' id='word_1_94' title='bbox 401 1876 530 1946; x_wconf 78' lang='lat' dir='ltr'><strong>adverse</strong></span> <span class='ocrx_word' id='word_1_95' title='bbox 550 1900 664 1969; x_wconf 87' lang='lat' dir='ltr'><strong>parum</strong></span> <span class='ocrx_word' id='word_1_96' title='bbox 684 1879 809 1944; x_wconf 88' lang='lat' dir='ltr'><strong>curarit</strong></span> <span class='ocrx_word' id='word_1_97' title='bbox 833 1887 928 1966; x_wconf 84' lang='lat' dir='ltr'><strong>poeta</strong></span> <span class='ocrx_word' id='word_1_98' title='bbox 950 1876 1042 1966; x_wconf 90' lang='lat' dir='ltr'><strong>pueri</strong></span> <span class='ocrx_word' id='word_1_99' title='bbox 1066 1874 1251 1959; x_wconf 83' lang='lat' dir='ltr'><strong>desiderio,</strong></span> 
     </span>
     <span class='ocr_line' id='line_1_14' title="bbox 151 1994 1254 2086; baseline 0.003 -24"><span class='ocrx_word' id='word_1_100' title='bbox 151 2009 183 2062; x_wconf 93' lang='lat' dir='ltr'><strong>et</strong></span> <span class='ocrx_word' id='word_1_101' title='bbox 211 2018 292 2086; x_wconf 88' lang='lat' dir='ltr'><strong>puer</strong></span> <span class='ocrx_word' id='word_1_102' title='bbox 323 1994 385 2064; x_wconf 90' lang='lat' dir='ltr'><strong>hoc</strong></span> <span class='ocrx_word' id='word_1_103' title='bbox 420 1999 555 2064; x_wconf 88' lang='lat' dir='ltr'><strong>miratus</strong></span> <span class='ocrx_word' id='word_1_104' title='bbox 589 1996 791 2064; x_wconf 84' lang='lat' dir='ltr'><strong>exclamarit.</strong></span> <span class='ocrx_word' id='word_1_105' title='bbox 841 1997 926 2063; x_wconf 81' lang='lat' dir='ltr'><strong>»Tu</strong></span> <span class='ocrx_word' id='word_1_106' title='bbox 954 1994 1063 2086; x_wconf 87' lang='lat' dir='ltr'><strong>pluria</strong></span> <span class='ocrx_word' id='word_1_107' title='bbox 1104 1996 1254 2065; x_wconf 75' lang='lat' dir='ltr'><strong>madidus</strong></span> 
     </span>
     <span class='ocr_line' id='line_1_15' title="bbox 152 2116 1259 2209; baseline -0.001 -25"><span class='ocrx_word' id='word_1_108' title='bbox 152 2116 240 2184; x_wconf 87' lang='lat' dir='ltr'><strong>nulla</strong></span> <span class='ocrx_word' id='word_1_109' title='bbox 259 2140 348 2183; x_wconf 89' lang='lat' dir='ltr'><strong>mora</strong></span> <span class='ocrx_word' id='word_1_110' title='bbox 368 2118 487 2185; x_wconf 87' lang='lat' dir='ltr'><strong>iniecta</strong></span> <span class='ocrx_word' id='word_1_111' title='bbox 509 2116 575 2184; x_wconf 87' lang='lat' dir='ltr'><strong>huc</strong></span> <span class='ocrx_word' id='word_1_112' title='bbox 593 2118 732 2197; x_wconf 79' lang='lat' dir='ltr'><strong>venisti,</strong></span> <span class='ocrx_word' id='word_1_113' title='bbox 760 2138 927 2206; x_wconf 77' lang='lat' dir='ltr'><strong>quousque</strong></span> <span class='ocrx_word' id='word_1_114' title='bbox 947 2116 1077 2182; x_wconf 87' lang='lat' dir='ltr'><strong>tandem</strong></span> <span class='ocrx_word' id='word_1_115' title='bbox 1094 2116 1259 2209; x_wconf 71' lang='lat' dir='ltr'><strong>Iupiter?¹</strong></span> 
     </span>
     <span class='ocr_line' id='line_1_16' title="bbox 149 2234 1256 2329; baseline 0.002 -26"><span class='ocrx_word' id='word_1_116' title='bbox 149 2238 273 2329; x_wconf 89' lang='lat' dir='ltr'><strong>lupiter</strong></span> <span class='ocrx_word' id='word_1_117' title='bbox 293 2250 435 2317; x_wconf 84' lang='lat' dir='ltr'><strong>taceam,</strong></span> <span class='ocrx_word' id='word_1_118' title='bbox 465 2250 500 2305; x_wconf 91' lang='lat' dir='ltr'><strong>tu</strong></span> <span class='ocrx_word' id='word_1_119' title='bbox 524 2239 646 2329; x_wconf 84' lang='lat' dir='ltr'><strong>etipse</strong></span> <span class='ocrx_word' id='word_1_120' title='bbox 670 2237 819 2305; x_wconf 87' lang='lat' dir='ltr'><strong>amasti.”</strong></span> <span class='ocrx_word' id='word_1_121' title='bbox 866 2234 1000 2303; x_wconf 87' lang='lat' dir='ltr'><strong>Scilicet</strong></span> <span class='ocrx_word' id='word_1_122' title='bbox 1021 2238 1162 2305; x_wconf 86' lang='lat' dir='ltr'><strong>amasius</strong></span> <span class='ocrx_word' id='word_1_123' title='bbox 1183 2237 1256 2328; x_wconf 91' lang='lat' dir='ltr'><strong>plu·</strong></span> 
     </span>
     <span class='ocr_line' id='line_1_17' title="bbox 150 2357 1258 2452; baseline 0.002 -27"><span class='ocrx_word' id='word_1_124' title='bbox 150 2382 184 2426; x_wconf 88' lang='lat' dir='ltr'><strong>ra</strong></span> <span class='ocrx_word' id='word_1_125' title='bbox 213 2359 358 2427; x_wconf 88' lang='lat' dir='ltr'><strong>dicturus</strong></span> <span class='ocrx_word' id='word_1_126' title='bbox 388 2373 457 2429; x_wconf 90' lang='lat' dir='ltr'><strong>erat</strong></span> <span class='ocrx_word' id='word_1_127' title='bbox 489 2360 529 2428; x_wconf 89' lang='lat' dir='ltr'><strong>de</strong></span> <span class='ocrx_word' id='word_1_128' title='bbox 557 2362 587 2427; x_wconf 86' lang='lat' dir='ltr'><strong>ri</strong></span> <span class='ocrx_word' id='word_1_129' title='bbox 614 2360 732 2426; x_wconf 85' lang='lat' dir='ltr'><strong>amoris</strong></span> <span class='ocrx_word' id='word_1_130' title='bbox 765 2359 797 2425; x_wconf 91' lang='lat' dir='ltr'><strong>in</strong></span> <span class='ocrx_word' id='word_1_131' title='bbox 833 2357 978 2424; x_wconf 87' lang='lat' dir='ltr'><strong>homines</strong></span> <span class='ocrx_word' id='word_1_132' title='bbox 1014 2358 1160 2448; x_wconf 77' lang='lat' dir='ltr'><strong>insigni,</strong></span> <span class='ocrx_word' id='word_1_133' title='bbox 1197 2383 1258 2452; x_wconf 85' lang='lat' dir='ltr'><strong>per</strong></span> 
     </span>
     <span class='ocr_line' id='line_1_18' title="bbox 83 2478 1258 2572; baseline 0.002 -25"><span class='ocrx_word' id='word_1_134' title='bbox 83 2486 85 2491; x_wconf 84' lang='lat'>&#39;</span> <span class='ocrx_word' id='word_1_135' title='bbox 150 2505 246 2571; x_wconf 89' lang='lat' dir='ltr'><strong>quam</strong></span> <span class='ocrx_word' id='word_1_136' title='bbox 269 2480 412 2572; x_wconf 82' lang='lat' dir='ltr'><strong>pericula</strong></span> <span class='ocrx_word' id='word_1_137' title='bbox 433 2480 516 2549; x_wconf 88' lang='lat' dir='ltr'><strong>nihil</strong></span> <span class='ocrx_word' id='word_1_138' title='bbox 537 2494 724 2558; x_wconf 87' lang='lat' dir='ltr'><strong>morantur,</strong></span> <span class='ocrx_word' id='word_1_139' title='bbox 749 2479 803 2547; x_wconf 85' lang='lat' dir='ltr'><strong>sed</strong></span> <span class='ocrx_word' id='word_1_140' title='bbox 822 2479 932 2547; x_wconf 80' lang='lat' dir='ltr'><strong>lovem</strong></span> <span class='ocrx_word' id='word_1_141' title='bbox 954 2478 1119 2547; x_wconf 85' lang='lat' dir='ltr'><strong>allocutus</strong></span> <span class='ocrx_word' id='word_1_142' title='bbox 1140 2481 1258 2549; x_wconf 84' lang='lat' dir='ltr'><strong>melina</strong></span> 
     </span>
     <span class='ocr_line' id='line_1_19' title="bbox 149 2601 1257 2695; baseline 0.005 -28"><span class='ocrx_word' id='word_1_143' title='bbox 149 2602 228 2670; x_wconf 79' lang='lat' dir='ltr'><strong>liaeo</strong></span> <span class='ocrx_word' id='word_1_144' title='bbox 252 2607 348 2671; x_wconf 89' lang='lat' dir='ltr'><strong>taceri</strong></span> <span class='ocrx_word' id='word_1_145' title='bbox 372 2616 525 2695; x_wconf 88' lang='lat' dir='ltr'><strong>reputat,</strong></span> <span class='ocrx_word' id='word_1_146' title='bbox 548 2602 634 2671; x_wconf 87' lang='lat' dir='ltr'><strong>dicta</strong></span> <span class='ocrx_word' id='word_1_147' title='bbox 653 2605 778 2693; x_wconf 86' lang='lat' dir='ltr'><strong>qnippe</strong></span> <span class='ocrx_word' id='word_1_148' title='bbox 799 2601 838 2667; x_wconf 82' lang='lat' dir='ltr'><strong>etl</strong></span> <span class='ocrx_word' id='word_1_149' title='bbox 859 2601 955 2669; x_wconf 85' lang='lat' dir='ltr'><strong>deum</strong></span> <span class='ocrx_word' id='word_1_150' title='bbox 979 2621 1078 2690; x_wconf 86' lang='lat' dir='ltr'><strong>unum</strong></span> <span class='ocrx_word' id='word_1_151' title='bbox 1106 2604 1257 2673; x_wconf 87' lang='lat' dir='ltr'><strong>omnium</strong></span> 
     </span>
     <span class='ocr_line' id='line_1_20' title="bbox 148 2722 1258 2814; baseline 0.003 -25"><span class='ocrx_word' id='word_1_152' title='bbox 148 2722 245 2790; x_wconf 89' lang='lat' dir='ltr'><strong>huius</strong></span> <span class='ocrx_word' id='word_1_153' title='bbox 268 2727 317 2791; x_wconf 92' lang='lat' dir='ltr'><strong>rei</strong></span> <span class='ocrx_word' id='word_1_154' title='bbox 347 2747 481 2813; x_wconf 78' lang='lat' dir='ltr'><strong>gnarum</strong></span> <span class='ocrx_word' id='word_1_155' title='bbox 511 2726 693 2814; x_wconf 86' lang='lat' dir='ltr'><strong>amorisque</strong></span> <span class='ocrx_word' id='word_1_156' title='bbox 725 2725 787 2789; x_wconf 86' lang='lat' dir='ltr'><strong>rim</strong></span> <span class='ocrx_word' id='word_1_157' title='bbox 810 2736 990 2813; x_wconf 85' lang='lat' dir='ltr'><strong>expertum.</strong></span> <span class='ocrx_word' id='word_1_158' title='bbox 1039 2722 1258 2792; x_wconf 83' lang='lat' dir='ltr'><strong>llmentlatio·</strong></span> 
     </span>
     <span class='ocr_line' id='line_1_21' title="bbox 147 2841 1254 2935; baseline 0.005 -25"><span class='ocrx_word' id='word_1_159' title='bbox 147 2867 220 2910; x_wconf 87' lang='lat' dir='ltr'><strong>nem</strong></span> <span class='ocrx_word' id='word_1_160' title='bbox 242 2844 338 2935; x_wconf 89' lang='lat' dir='ltr'><strong>plane</strong></span> <span class='ocrx_word' id='word_1_161' title='bbox 359 2845 467 2911; x_wconf 87' lang='lat' dir='ltr'><strong>firmat</strong></span> <span class='ocrx_word' id='word_1_162' title='bbox 489 2842 688 2911; x_wconf 88' lang='lat' dir='ltr'><strong>simillimum</strong></span> <span class='ocrx_word' id='word_1_163' title='bbox 714 2848 909 2932; x_wconf 79' lang='lat' dir='ltr'><strong>epigramma</strong></span> <span class='ocrx_word' id='word_1_164' title='bbox 931 2841 1127 2911; x_wconf 80' lang='lat' dir='ltr'><strong>Callimachi</strong></span> <span class='ocrx_word' id='word_1_165' title='bbox 1153 2844 1197 2915; x_wconf 77' lang='grc' dir='ltr'><strong>Α.</strong></span> <span class='ocrx_word' id='word_1_166' title='bbox 1217 2847 1254 2916; x_wconf 87' lang='lat' dir='ltr'><strong>P.</strong></span> 
     </span>
     <span class='ocr_line' id='line_1_22' title="bbox 149 2966 330 3034; baseline 0.006 -1"><span class='ocrx_word' id='word_1_167' title='bbox 149 2966 224 3034; x_wconf 80' lang='lat' dir='ltr'><strong>llll.</strong></span> <span class='ocrx_word' id='word_1_168' title='bbox 252 2969 330 3034; x_wconf 88' lang='grc'><strong>230.</strong></span> 
     </span>
     <span class='ocr_line' id='line_1_23' title="bbox 234 3084 1207 3170; baseline 0.001 -16"><span class='ocrx_word' id='word_1_169' title='bbox 234 3087 287 3154; x_wconf 77' lang='grc' dir='ltr'><strong>τὸν</strong></span> <span class='ocrx_word' id='word_1_170' title='bbox 305 3086 342 3153; x_wconf 83' lang='grc' dir='ltr'><strong>τὸ</strong></span> <span class='ocrx_word' id='word_1_171' title='bbox 364 3087 461 3155; x_wconf 72' lang='grc' dir='ltr'><strong><em>καλὸν</em></strong></span> <span class='ocrx_word' id='word_1_172' title='bbox 482 3088 683 3166; x_wconf 76' lang='grc' dir='ltr'><strong><em>μελονεῦντοο</em></strong></span> <span class='ocrx_word' id='word_1_173' title='bbox 703 3085 886 3170; x_wconf 70' lang='grc' dir='ltr'><strong><em>Θεόκριτον,</em></strong></span> <span class='ocrx_word' id='word_1_174' title='bbox 907 3089 934 3155; x_wconf 75' lang='grc' dir='ltr'><strong><em>εἰ</em></strong></span> <span class='ocrx_word' id='word_1_175' title='bbox 956 3088 1015 3166; x_wconf 81' lang='grc' dir='ltr'><strong>μὲν</strong></span> <span class='ocrx_word' id='word_1_176' title='bbox 1037 3084 1092 3167; x_wconf 79' lang='grc' dir='ltr'><strong>ἔμ’</strong></span> <span class='ocrx_word' id='word_1_177' title='bbox 1115 3085 1207 3170; x_wconf 72' lang='grc' dir='ltr'><strong><em>ἔχθει</em></strong></span> 
     </span>
     <span class='ocr_line' id='line_1_24' title="bbox 323 3207 1001 3294; baseline -0.003 -17"><span class='ocrx_word' id='word_1_178' title='bbox 323 3207 450 3294; x_wconf 71' lang='grc' dir='ltr'><strong><em>τετρβκν</em></strong></span> <span class='ocrx_word' id='word_1_179' title='bbox 472 3208 616 3289; x_wconf 69' lang='lat' dir='ltr'><strong>retroire,</strong></span> <span class='ocrx_word' id='word_1_180' title='bbox 638 3209 666 3274; x_wconf 77' lang='grc' dir='ltr'><strong><em>εἷ</em></strong></span> <span class='ocrx_word' id='word_1_181' title='bbox 689 3209 721 3275; x_wconf 73' lang='grc' dir='ltr'><strong>δὲ</strong></span> <span class='ocrx_word' id='word_1_182' title='bbox 743 3213 837 3292; x_wconf 73' lang='grc' dir='ltr'><strong><em>φιλεῖ</em></strong></span> <span class='ocrx_word' id='word_1_183' title='bbox 856 3207 1001 3293; x_wconf 76' lang='grc' dir='ltr'><strong><em>Φνλέονς·</em></strong></span> 
     </span>
     <span class='ocr_line' id='line_1_25' title="bbox 150 3326 1081 3412; baseline 0 -17"><span class='ocrx_word' id='word_1_184' title='bbox 150 3398 153 3405; x_wconf 73' lang='grc'><strong>,</strong></span> <span class='ocrx_word' id='word_1_185' title='bbox 233 3328 321 3411; x_wconf 77' lang='grc' dir='ltr'><strong><em>νοοοχὶ</em></strong></span> <span class='ocrx_word' id='word_1_186' title='bbox 345 3331 419 3412; x_wconf 74' lang='grc' dir='ltr'><strong><em>πρὸς</em></strong></span> <span class='ocrx_word' id='word_1_187' title='bbox 438 3328 595 3410; x_wconf 72' lang='grc' dir='ltr'><strong><em>εὐχοίτεον</em></strong></span> <span class='ocrx_word' id='word_1_188' title='bbox 616 3329 834 3409; x_wconf 73' lang='grc' dir='ltr'><strong><em>Γανυμήδεος,</em></strong></span> <span class='ocrx_word' id='word_1_189' title='bbox 860 3326 976 3412; x_wconf 73' lang='grc' dir='ltr'><strong><em>οὖροὲνοε</em></strong></span> <span class='ocrx_word' id='word_1_190' title='bbox 997 3332 1081 3406; x_wconf 78' lang='grc' dir='ltr'><strong><em>Ζεῦ,</em></strong></span> 
     </span>
     <span class='ocr_line' id='line_1_26' title="bbox 193 3447 1087 3532; baseline 0.001 -19"><span class='ocrx_word' id='word_1_191' title='bbox 193 3460 196 3467; x_wconf 75' lang='grc'>“</span> <span class='ocrx_word' id='word_1_192' title='bbox 323 3449 376 3514; x_wconf 79' lang='lat' dir='ltr'><strong>uel</strong></span> <span class='ocrx_word' id='word_1_193' title='bbox 400 3448 439 3514; x_wconf 81' lang='grc' dir='ltr'><strong>ού</strong></span> <span class='ocrx_word' id='word_1_194' title='bbox 463 3451 533 3514; x_wconf 88' lang='grc' dir='ltr'><strong><em>τοτ’</em></strong></span> <span class='ocrx_word' id='word_1_195' title='bbox 556 3447 707 3531; x_wconf 72' lang='grc' dir='ltr'><strong>ἠράσθης,</strong></span> <span class='ocrx_word' id='word_1_196' title='bbox 731 3449 832 3516; x_wconf 76' lang='grc' dir='ltr'><strong><em>οὐκέτι</em></strong></span> <span class='ocrx_word' id='word_1_197' title='bbox 856 3449 966 3532; x_wconf 75' lang='grc' dir='ltr'><strong><em>μοοκρδο</em></strong></span> <span class='ocrx_word' id='word_1_198' title='bbox 988 3448 1087 3528; x_wconf 77' lang='grc' dir='ltr'><strong><em>λέγον.</em></strong></span> 
     </span>
     <span class='ocr_line' id='line_1_27' title="bbox 143 3568 1252 3649; baseline 0.003 -10"><span class='ocrx_word' id='word_1_199' title='bbox 143 3573 267 3639; x_wconf 78' lang='lat' dir='ltr'><strong>Futuro</strong></span> <span class='ocrx_word' id='word_1_200' title='bbox 295 3570 415 3649; x_wconf 77' lang='grc' dir='ltr'><strong><em>ονγήοον</em></strong></span> <span class='ocrx_word' id='word_1_201' title='bbox 439 3580 575 3634; x_wconf 89' lang='lat' dir='ltr'><strong>utuntur</strong></span> <span class='ocrx_word' id='word_1_202' title='bbox 599 3568 731 3636; x_wconf 74' lang='lat' dir='ltr'><strong>Archias</strong></span> <span class='ocrx_word' id='word_1_203' title='bbox 760 3573 799 3636; x_wconf 78' lang='lat' dir='ltr'><strong>t.</strong></span> <span class='ocrx_word' id='word_1_204' title='bbox 824 3570 861 3638; x_wconf 87' lang='lat' dir='ltr'><strong>P.</strong></span> <span class='ocrx_word' id='word_1_205' title='bbox 886 3570 956 3648; x_wconf 82' lang='lat' dir='ltr'><strong>IX,</strong></span> <span class='ocrx_word' id='word_1_206' title='bbox 983 3572 1039 3637; x_wconf 88' lang='lat'><strong>27.</strong></span> <span class='ocrx_word' id='word_1_207' title='bbox 1065 3574 1101 3639; x_wconf 76' lang='lat'><strong>4.</strong></span> <span class='ocrx_word' id='word_1_208' title='bbox 1137 3570 1252 3643; x_wconf 80' lang='lat' dir='ltr'><strong>Noun.</strong></span> 
     </span>
     <span class='ocr_line' id='line_1_28' title="bbox 143 3689 1250 3780; baseline -0.001 -18"><span class='ocrx_word' id='word_1_209' title='bbox 143 3694 242 3763; x_wconf 90' lang='lat' dir='ltr'><strong>llion.</strong></span> <span class='ocrx_word' id='word_1_210' title='bbox 260 3693 302 3761; x_wconf 79' lang='lat' dir='ltr'><strong>V.</strong></span> <span class='ocrx_word' id='word_1_211' title='bbox 325 3695 403 3760; x_wconf 84' lang='lat'><strong>497.</strong></span> <span class='ocrx_word' id='word_1_212' title='bbox 427 3689 578 3780; x_wconf 85' lang='lat' dir='ltr'><strong>idemque</strong></span> <span class='ocrx_word' id='word_1_213' title='bbox 597 3690 828 3758; x_wconf 84' lang='lat' dir='ltr'><strong>restituendum</strong></span> <span class='ocrx_word' id='word_1_214' title='bbox 853 3715 921 3759; x_wconf 85' lang='lat' dir='ltr'><strong>ease</strong></span> <span class='ocrx_word' id='word_1_215' title='bbox 938 3691 1019 3760; x_wconf 80' lang='lat' dir='ltr'><strong>vidit</strong></span> <span class='ocrx_word' id='word_1_216' title='bbox 1039 3692 1139 3760; x_wconf 87' lang='lat' dir='ltr'><strong>etiam</strong></span> <span class='ocrx_word' id='word_1_217' title='bbox 1164 3694 1250 3763; x_wconf 82' lang='lat' dir='ltr'><strong>ller-</strong></span> 
     </span>
     <span class='ocr_line' id='line_1_29' title="bbox 142 3811 1251 3902; baseline 0 -19"><span class='ocrx_word' id='word_1_218' title='bbox 142 3837 290 3884; x_wconf 85' lang='lat' dir='ltr'><strong>mannua.</strong></span> <span class='ocrx_word' id='word_1_219' title='bbox 337 3811 480 3878; x_wconf 84' lang='lat' dir='ltr'><strong>Verbum</strong></span> <span class='ocrx_word' id='word_1_220' title='bbox 508 3811 723 3894; x_wconf 74' lang='grc' dir='ltr'><strong><em>βεβρεγμένος</em></strong></span> <span class='ocrx_word' id='word_1_221' title='bbox 748 3811 789 3879; x_wconf 88' lang='lat' dir='ltr'><strong>de</strong></span> <span class='ocrx_word' id='word_1_222' title='bbox 817 3812 927 3902; x_wconf 87' lang='lat' dir='ltr'><strong>pluria</strong></span> <span class='ocrx_word' id='word_1_223' title='bbox 956 3824 989 3878; x_wconf 90' lang='lat' dir='ltr'><strong>ct</strong></span> <span class='ocrx_word' id='word_1_224' title='bbox 1015 3813 1092 3878; x_wconf 85' lang='lat' dir='ltr'><strong>rino</strong></span> <span class='ocrx_word' id='word_1_225' title='bbox 1120 3814 1251 3883; x_wconf 89' lang='lat' dir='ltr'><strong>iutelli-</strong></span> 
     </span>
    </p>
   </div>
   <div class='ocr_carea' id='block_1_3' title="bbox 141 3926 1299 4258">
    <p class='ocr_par' dir='ltr' id='par_1_3' title="bbox 141 3926 1299 4258">
     <span class='ocr_line' id='line_1_30' title="bbox 141 3926 1248 4022; baseline 0.002 -22"><span class='ocrx_word' id='word_1_226' title='bbox 141 3935 280 4022; x_wconf 76' lang='lat' dir='ltr'><strong>qendum</strong></span> <span class='ocrx_word' id='word_1_227' title='bbox 305 3932 455 4012; x_wconf 88' lang='lat' dir='ltr'><strong>ridetur,</strong></span> <span class='ocrx_word' id='word_1_228' title='bbox 481 3945 516 3997; x_wconf 88' lang='lat' dir='ltr'><strong>nt</strong></span> <span class='ocrx_word' id='word_1_229' title='bbox 541 3934 573 3998; x_wconf 90' lang='lat' dir='ltr'><strong>in</strong></span> <span class='ocrx_word' id='word_1_230' title='bbox 599 3933 638 3999; x_wconf 78' lang='lat' dir='ltr'><strong>l.</strong></span> <span class='ocrx_word' id='word_1_231' title='bbox 662 3935 697 4001; x_wconf 82' lang='lat' dir='ltr'><strong>P.</strong></span> <span class='ocrx_word' id='word_1_232' title='bbox 721 3932 789 4015; x_wconf 84' lang='lat' dir='ltr'><strong>Xl,</strong></span> <span class='ocrx_word' id='word_1_233' title='bbox 814 3937 845 3999; x_wconf 81' lang='grc'><strong>3.</strong></span> <span class='ocrx_word' id='word_1_234' title='bbox 874 3939 905 4000; x_wconf 87' lang='lat'><strong>5.</strong></span> <span class='ocrx_word' id='word_1_235' title='bbox 939 3926 1011 4007; x_wconf 81' lang='grc' dir='ltr'><strong><em>τοοῒς</em></strong></span> <span class='ocrx_word' id='word_1_236' title='bbox 1031 3933 1189 4013; x_wconf 74' lang='grc' dir='ltr'><strong>κοτύλαις</strong></span> <span class='ocrx_word' id='word_1_237' title='bbox 1210 3940 1248 4019; x_wconf 84' lang='grc' dir='ltr'><strong>μ’</strong></span> 
     </span>
     <span class='ocr_line' id='line_1_31' title="bbox 142 4051 1299 4140; baseline 0.001 -20"><span class='ocrx_word' id='word_1_238' title='bbox 142 4053 328 4134; x_wconf 77' lang='grc' dir='ltr'><strong><em>ὑποβρέξοος.</em></strong></span> <span class='ocrx_word' id='word_1_239' title='bbox 356 4053 475 4140; x_wconf 73' lang='lat' dir='ltr'><strong>lledyl.</strong></span> <span class='ocrx_word' id='word_1_240' title='bbox 507 4051 627 4119; x_wconf 74' lang='lat' dir='ltr'><strong>Athen.</strong></span> <span class='ocrx_word' id='word_1_241' title='bbox 650 4052 717 4130; x_wconf 85' lang='lat' dir='ltr'><strong>Xl,</strong></span> <span class='ocrx_word' id='word_1_242' title='bbox 744 4057 822 4120; x_wconf 81' lang='lat'><strong>473.</strong></span> <span class='ocrx_word' id='word_1_243' title='bbox 848 4055 888 4121; x_wconf 80' lang='grc' dir='ltr'><strong>Α.</strong></span> <span class='ocrx_word' id='word_1_244' title='bbox 915 4055 1006 4121; x_wconf 70' lang='grc' dir='ltr'><strong><em>ἄλλον</em></strong></span> <span class='ocrx_word' id='word_1_245' title='bbox 1030 4052 1136 4130; x_wconf 71' lang='lat' dir='ltr'><strong>uellate</strong></span> <span class='ocrx_word' id='word_1_246' title='bbox 1172 4058 1247 4126; x_wconf 73' lang='grc' dir='ltr'><strong><em>Χίον</em></strong></span> <span class='ocrx_word' id='word_1_247' title='bbox 1296 4116 1299 4121; x_wconf 93' lang='grc'><strong>.</strong></span> 
     </span>
     <span class='ocr_line' id='line_1_32' title="bbox 141 4173 1248 4258; baseline 0.005 -19"><span class='ocrx_word' id='word_1_248' title='bbox 141 4200 183 4253; x_wconf 87' lang='grc' dir='ltr'><strong><em>με</em></strong></span> <span class='ocrx_word' id='word_1_249' title='bbox 214 4174 410 4255; x_wconf 74' lang='grc' dir='ltr'><strong><em>κατάβρεχε,</em></strong></span> <span class='ocrx_word' id='word_1_250' title='bbox 440 4174 597 4243; x_wconf 77' lang='lat' dir='ltr'><strong>llubulus.</strong></span> <span class='ocrx_word' id='word_1_251' title='bbox 618 4173 657 4250; x_wconf 87' lang='lat' dir='ltr'><strong>l,</strong></span> <span class='ocrx_word' id='word_1_252' title='bbox 685 4178 738 4239; x_wconf 79' lang='lat' dir='ltr'><strong>ll.</strong></span> <span class='ocrx_word' id='word_1_253' title='bbox 771 4176 985 4258; x_wconf 75' lang='grc' dir='ltr'><strong><em>βεβρεγμένος</em></strong></span> <span class='ocrx_word' id='word_1_254' title='bbox 1018 4177 1079 4257; x_wconf 68' lang='grc' dir='ltr'><strong>ἥκω</strong></span> <span class='ocrx_word' id='word_1_255' title='bbox 1112 4180 1169 4247; x_wconf 75' lang='lat' dir='ltr'><strong>trel</strong></span> <span class='ocrx_word' id='word_1_256' title='bbox 1197 4205 1248 4247; x_wconf 87' lang='grc' dir='ltr'><strong><em>κε-</em></strong></span> 
     </span>
    </p>
   </div>
   <div class='ocr_carea' id='block_1_4' title="bbox 142 4293 372 4375">
    <p class='ocr_par' dir='ltr' id='par_1_4' title="bbox 142 4293 372 4375">
     <span class='ocr_line' id='line_1_33' title="bbox 142 4293 372 4375; baseline -0.009 -15"><span class='ocrx_word' id='word_1_257' title='bbox 142 4293 372 4375; x_wconf 76' lang='grc' dir='ltr'><strong><em>κοθοννομένος.</em></strong></span> 
     </span>
    </p>
   </div>
   <div class='ocr_carea' id='block_1_5' title="bbox 0 0 1396 5174">
    <p class='ocr_par' dir='ltr' id='par_1_5' title="bbox 0 0 1396 5174">
     <span class='ocr_line' id='line_1_34' title="bbox 0 0 1396 5174; baseline 0 4"><span class='ocrx_word' id='word_1_258' title='bbox 0 0 1396 5174; x_wconf 95' lang='lat' dir='ltr'><strong> </strong></span> 
     </span>
    </p>
   </div>
  </div>
 </body>
</html>
