2784 5174
517 359 721 420 -127-

33 543 298 633 epigrammata
332 560 414 631 quae
440 541 596 633 Cephalus
626 544 807 633 inscripsits
840 541 1077 626 ε’σιμράμμασα
1106 543 1172 609 δια-

35 663 166 751 φόρων
193 663 311 747 μέσραι
333 678 366 732 et
386 666 420 731 iu
443 664 564 731 librum
596 664 767 732 Decimum
788 665 934 732 Tertium
964 665 1099 732 collecta
1119 665 1174 733 de·

39 786 124 855 dit.
177 785 216 853 ln
239 808 305 875 quo
330 785 368 850 ad
391 806 421 853 c.
443 788 497 852 28.
524 784 720 876 adscriptum
743 787 862 876 legitur
885 798 1012 878 praeter
1032 786 1175 854 Simoni·

43 906 107 975 dis
136 928 274 975 nomen:
307 905 524 989 Καλλιμάχου
555 907 607 973 ἐστὶ
637 910 682 990 σῷ
713 909 799 991 αὐτῷ
824 908 1027 992 σεσραμέσριρ
1050 909 1173 983 ,ἕνδεκα-

45 1029 250 1108 nessaeo,
277 1028 362 1096 uude
387 1029 536 1096 nonnulli
562 1030 759 1119 epigramma
777 1029 952 1097 Simonidis
974 1027 1175 1098 Callimacho

48 1151 266 1219 tribuerunt.
312 1150 377 1218 Sed
402 1150 577 1219 Simonidis
607 1173 736 1218 carmen
761 1152 954 1243 sequebatur
981 1151 1174 1238 Callimachi

48 1273 265 1363 epigramma
286 1272 374 1364 quod
397 1274 481 1340 inter
510 1272 700 1363 sepulcralia
729 1274 761 1340 in
785 1273 903 1342 Codice
929 1274 1075 1340 Palatino
1094 1274 1173 1340 rela-

51 1404 136 1461 tam
165 1406 270 1461 exstat
290 1395 374 1475 Vll,
407 1417 438 1463 c.
458 1398 536 1464 728.
571 1396 604 1461 in
637 1395 701 1461 alio
732 1417 808 1461 sero
838 1395 923 1462 libro
955 1396 1173 1486 manuscripto

50 1516 152 1583 inter
185 1515 414 1606 epigrammata
449 1516 528 1583 libri
563 1517 690 1583 llecimi
720 1517 821 1585 Tertii
860 1516 1040 1606 legebatur.
1092 1514 1173 1582 lude

50 1635 185 1703 ductae
200 1636 310 1703 otiam·
338 1634 494 1702 Simmiae
531 1637 757 1726 inscriptiones
787 1636 927 1712 Πέλεαιις
953 1651 985 1706 et
1012 1636 1172 1719 Πσάριιμες

46 1758 199 1839 Ἔρασος
222 1757 263 1824 A.
289 1755 328 1826 P.
341 1752 428 1835 XV,
454 1760 497 1822 22
521 1768 554 1821 et
578 1761 634 1824 24.
660 1781 795 1848 quarum
821 1759 901 1825 haec
924 1772 1048 1825 statuae
1071 1760 1172 1827 Amo·

52 1879 107 1943 ris
131 1876 258 1956 alatae,
283 1878 316 1943 in
343 1875 465 1966 templo
488 1876 654 1945 dedicatae
677 1880 774 1945 incisu
803 1880 889 1958 fuis,
915 1877 994 1944 baec
1021 1878 1103 1968 llpei
1123 1901 1173 1944 se·

53 1998 162 2075 curi,
185 2020 281 2088 quam
311 1996 446 2069 Athenis
470 2000 685 2070 asservabant.
731 2001 771 2068 ln
793 2001 830 2066 iis
851 2001 1023 2091 conspicua
1046 1998 1123 2065 felix
1140 2011 1173 2067 et

10 2178 14 2193 ‚
55 2117 170 2185 ander
198 2130 231 2186 et
260 2142 334 2186 sana
365 2119 464 2187 dictio
486 2135 518 2187 et
547 2134 652 2210 metro
684 2120 905 2189 choriambico
934 2146 1059 2212 semper
1090 2121 1173 2213 pede

58 2241 179 2308 demto
201 2240 406 2308 decrescente
431 2243 585 2310 facillima
613 2246 738 2311 ratione
756 2247 918 2334 poematia
936 2243 1170 2311 accommodari

58 2374 218 2453 poterant
240 2374 416 2429 statuarum
448 2364 566 2454 quibus
598 2365 850 2432 inscriberentur
882 2365 1016 2434 formae.
1065 2365 1171 2431 Etiam

61 2482 228 2551 llosiadae
254 2484 319 2551 Ars
343 2485 512 2576 inscriptio
541 2485 603 2551 fuit
633 2507 716 2574 quae
742 2485 825 2551 Arae
853 2485 906 2550 cui
930 2486 1082 2574 inscripta
1103 2497 1172 2551 erat

60 2605 203 2694 liguram
226 2604 399 2675 referebat.
446 2605 484 2672 ld
508 2605 594 2694 qaod
624 2604 861 2673 demonstratur
883 2628 990 2673 sersus
1010 2605 1171 2696 adscripta

23 2730 26 2753 ³
61 2726 94 2792 in
119 2727 165 2793 A.
190 2725 227 2794 P.
246 2724 330 2803 XV,
353 2730 411 2796 25.

153 2844 306 2913 Δωσιάδα
323 2846 432 2928 βωμὸς
452 2846 592 2929 Δωριέας
611 2844 644 2912 ὃν
662 2844 777 2913 ἔσσασε
801 2843 934 2925 μιάσαις
958 2848 990 2910 ἐι
1009 2852 1077 2932 μᾷ,

62 2990 148 3059 guae
162 2967 264 3033 rerba
283 2968 439 3035 facillime
460 2970 603 3035 numeris
628 2966 857 3033 choriambicis
878 2966 1078 3057 adstringasr

152 3087 307 3157 Δωσιάδα
325 3089 462 3174 Δωριέας
481 3090 589 3170 βωμὸς
611 3085 642 3154 ὃν
662 3087 771 3154 ἔσσασ’
795 3087 837 3154 ἒιὶ
856 3093 904 3172 γᾷ
928 3111 945 3154 v
968 3087 1123 3164 Μούσαις.

55 3210 198 3279 Poetam
228 3210 346 3300 ipsum*
367 3234 430 3278 uon
455 3211 615 3278 diversum
649 3208 752 3275 habco
779 3208 820 3273 ab
850 3206 1005 3274 historico
1037 3210 1094 3298 qui
1122 3232 1171 3276 res

50 3331 272 3403 Cretensium
306 3334 518 3423 perscripsit,
544 3357 575 3401 r.
602 3330 722 3398 Athen.
741 3330 809 3409 lt,
839 3333 914 3398 143.
939 3330 981 3409 A.
1001 3330 1062 3408 Vl,
1091 3335 1172 3402 264.

46 3458 95 3526 A.
130 3451 235 3521 Diod.
259 3452 327 3523 Sic.
344 3454 393 3534 V,
419 3457 474 3524 80.
523 3456 629 3523 Etiam
649 3454 844 3544 epigramma
869 3456 910 3520 A.
928 3451 965 3519 P.
986 3452 1066 3532 Vll,
1094 3458 1170 3524 154.

40 3574 148 3671 qnod
173 3574 277 3664 cippo
312 3574 510 3666 insculptum
541 3578 618 3664 legit
652 3577 746 3644 Paus.
764 3574 800 3652 Ι,
827 3577 881 3642 43.
907 3577 939 3641 7.
964 3597 981 3638 a
1011 3574 1173 3664 Meleagro

37 3697 392 3786 descriptumputo,
418 3697 496 3764 item
528 3696 691 3763 distichon
714 3699 746 3762 in
778 3716 899 3784 equum
931 3694 1083 3761 Phidolae
1106 3695 1170 3776 Vl,

38 3825 137 3889 135.
170 3816 241 3882 basi
265 3818 457 3908 inscriptum
482 3820 556 3908 equi
580 3818 641 3884 deo
662 3817 762 3883 dicati
789 3840 818 3883 r.
842 3817 934 3882 Paua.
960 3816 1029 3893 Vl,
1058 3821 1110 3887 13.
1135 3823 1168 3885 5.

35 3938 180 4011 atalia
214 3950 250 4003 ut
284 3938 446 4006 Leonidae
472 3943 670 4031 epigramma
692 3936 762 4016 vl,
792 3940 866 4005 130.
900 3937 983 4027 apud
1016 3940 1107 4005 Pans.
1132 3939 1171 4019 Ι,

41 4068 111 4133 tc.
139 4062 178 4125 2.
219 4059 382 4149 Antipatri
403 4082 534 4151 quoque
558 4061 688 4128 Sidonii
711 4060 908 4149 epigramma
940 4060 1170 4126 iullomerurn
1236 4032 1243 4053 Ι

44 4188 94 4255 Δ.
133 4180 178 4249 P.
204 4176 288 4255 vll,
324 4184 358 4250 6.
396 4183 428 4248 in
463 4182 569 4274 lapide
599 4185 755 4273 scriptum
788 4194 913 4259 exstat,
949 4181 1002 4248 sed
1035 4183 1171 4251 alterum

44 4304 209 4375 eiusdem
239 4316 353 4393 poetae
380 4304 411 4369 iu
449 4305 623 4372 Homerum
653 4306 848 4394 epigramma
872 4304 958 4385 vlt,
983 4309 1016 4373 2.
1052 4304 1170 4372 descri-
