2784 5174
703 344 971 437 ‘'¹²⁸‘.

258 552 350 628 ptum
380 539 482 604 fertur
499 537 545 615 ¹in
570 555 729 601 marmore
758 533 790 598 in
814 533 917 600 insula
940 531 977 600 10
997 543 1145 623 reperto,
1170 533 1261 624 quod
1284 557 1362 602 con·
1389 576 1391 581 ·

258 659 371 725 fictum
404 681 470 726 essa
510 671 542 723 04
572 654 716 745 spurium
751 652 863 719 docuit
894 651 1088 720 Weickerus
1125 654 1246 741 Biurn.
1280 657 1361 743 Ant.

260 782 358 847 1844.
389 803 424 870 p.
442 779 519 846 300.
570 776 673 862 Quem
702 772 799 839 latuit
822 772 919 840 verba
950 784 1122 863 corrupta:
1159 771 1212 840 ἅδ’
1238 773 1361 859 ἔλαχον

252 908 374 976 ναοῑτις
406 902 440 967 οὔ
471 897 536 981 γὰρ
565 897 598 966 ἐν
627 895 719 979 ἄλλοι
747 898 874 975 πνεῦμα
904 896 1000 962 θανών
1028 917 1066 962 ex
1085 893 1160 963 'hoc
1190 896 1360 988 Antipatri

255 1024 484 1113 epigrammata
505 1018 602 1084 ducta
624 1040 702 1085 esse.

299 1141 363 1209 Sed
387 1140 502 1207 dubito
523 1162 562 1205 on
584 1140 618 1207 in
638 1137 793 1228 Meleagri
820 1136 1016 1229 Anthologia
1039 1138 1122 1205 iecra
1141 1138 1272 1208 fuerint
1293 1141 1359 1230 epi·

252 1276 428 1352 grammata
459 1262 501 1330 A.
530 1261 567 1330 P.
589 1261 655 1337 VI,
681 1264 760 1328 342.
797 1265 849 1327 cui
884 1258 1103 1350 adscriptum:
1140 1258 1357 1347 τίνα’θιρριοισῇ

252 1385 368 1469 Ἀίνρνρῖ
400 1383 489 1465 παροδ
519 1387 579 1450 τῶν
610 1379 805 1463 Κυζικηνῶν,
832 1394 864 1448 04
887 1380 954 1461 VI,
980 1384 1059 1450 344.
1092 1382 1187 1449 cuius
1218 1383 1354 1453 lemme:

252 1505 304 1572 ἐπὶ
325 1504 368 1586 τῷ
392 1504 425 1569 ἕν
445 1509 600 1577 Θεσπιαῖς
623 1502 732 1586 βωμῷ.

295 1651 299 1659 ’
342 1624 477 1692 Θεσπιαὶ
502 1624 658 1707 εὖριίχοροι
681 1623 817 1707 πέμψαν
840 1623 916 1689 ποτὲ
941 1621 1046 1696 rodeis
1066 1622 1123 1687 σὺν
1142 1619 1256 1700 ὅπλοις

431 1746 579 1829 τιμωροὺς
598 1744 751 1829 προγόνων
774 1743 937 1827 βοίρβαρον
956 1746 1000 1818 είς
1024 1742 1152 1818 Ἀσίαν,

340 1860 368 1933 oi
386 1872 459 1948 μετ’
482 1865 687 1949 Ἀλεξάνδρου
709 1871 831 1949 Περσῶν
855 1862 938 1939 aior-n
963 1861 1146 1938 καθελόντες

431 1994 551 2065 στῆσαν
574 1985 780 2071 ε’ριβρεροέα
803 1983 966 2052 δαιδάλεον
988 1982 1129 2067 τρίποδα.

252 2109 339 2195 Quos
369 2132 476 2175 sersus
510 2108 631 2200 tripodi
664 2109 834 2197 inscriptos
855 2107 951 2173 fuisse
970 2105 1066 2173 docet
1094 2129 1281 2197 pronomen
1302 2107 1353 2177 da·

251 2231 498 2297 monstrativum
508 2229 631 2306 τούςδε;
658 2230 906 2295 nomiuaautem
928 2228 1069 2294 miiitum
1087 2227 1352 2320 Thespiensium,

251 2351 309 2440 qui
329 2372 403 2417 cum
430 2349 613 2418 Alexandro
635 2348 775 2440 profecti
797 2362 909 2426 erant,
936 2348 1070 2416 inferius
1091 2348 1259 2440 adscripta
1286 2350 1355 2417 400-

250 2486 340 2540 runt.
390 2471 597 2562 compararit
625 2470 790 2539 locobsius
824 2468 989 2537 Philiadca
1018 2470 1242 2561 inscriptionis
1270 2473 1355 2563 irap-

249 2606 394 2660 meutum
413 2594 446 2659 in
470 2590 682 2681 Thespienscs
706 2616 722 2656 a
744 2592 848 2658 Persis
869 2613 994 2660 caesos:

338 2710 444 2795 ἄνδρες
463 2713 513 2779 τοί
534 2717 604 2777 ποτ’
624 2710 722 2777 ἔναιον
743 2711 801 2778 ὑπὸ
821 2690 988 2795 κροτοίφοις
1008 2716 1171 2788 Ἑλικῶνος

429 2834 551 2913 λήματι
570 2837 630 2899 τῶν
649 2833 750 2913 αὐχεῖ
771 2831 912 2921 ΘεσπιοὶςΙ
936 2831 1121 2921 εὐρύχορορ,

250 2978 282 3023 0.
305 2956 393 3045 dpp.
417 2954 481 3042 up.
506 2955 562 3022 94.
608 2952 690 3021 lnde
711 2954 743 3019 in
767 2968 878 3021 nostro
908 2956 1049 3021 carmine
1071 2953 1263 3045 explicanda
1288 2976 1356 3023 rer-

250 3075 298 3139 ba,
311 3073 460 3158 τιμωροὺς
480 3071 646 3161 προγόνων.
696 3072 873 3166 Epitheton
905 3090 1013 3143 autem
1042 3073 1212 3159 ἕριβρεριὲα
1232 3075 1357 3169 tripodi

248 3196 406 3265 tributum
435 3199 511 3263 satis
541 3194 704 3263 rideretur
734 3210 845 3286 aptum
877 3219 968 3279 csse,
1004 3198 1030 3264 si
1061 3220 1166 3265 sermo
1200 3209 1287 3266 emet
1316 3199 1357 3267 de

247 3316 353 3387 lebete
377 3317 599 3405 ἐμπνριβιίπρ,
626 3317 745 3408 tripodi
776 3341 853 3385 raro
876 3319 944 3385 Diis
969 3318 1078 3386 oblato
1100 3341 1165 3386 non
1187 3319 1355 3391 convenit.

250 3439 461 3530 corruptelae
484 3439 697 3529 suspicionem
718 3452 813 3528 auget
833 3439 956 3528 syllaba
976 3439 1079 3509 brevis
1100 3441 1133 3507 in
1156 3440 1353 3531 pentametri

247 3581 398 3639 caesura,
433 3581 530 3648 quam
563 3559 763 3649 transpositis
796 3558 1014 3629 hemistichiis
1047 3561 1134 3629 tollit
1161 3560 1351 3641 Iacobum.

247 3692 280 3747 ct
306 3680 374 3747 Dei·
395 3703 534 3758 nomeu,
559 3681 613 3746 cui
641 3680 743 3771 tripus
775 3680 942 3748 dedicatus
970 3695 1041 3760 est,
1078 3682 1247 3753 omissum.
1296 3682 1349 3753 tiis
1387 3663 1389 3684 .

247 3801 491 3870 difficultatibus
515 3822 685 3869 occurrere
706 3803 803 3881 licet,
828 3805 971 3894 scripto:
1386 3787 1389 3807 ’

335 3932 456 4000 στῆσαν
480 3923 683 4010 Ἐριβρεριέτρ
706 3922 869 3991 δαιδιίλεον
891 3922 1044 4007 τρίποδα,

249 4045 273 4110 i.
294 4066 325 4110 e.
363 4045 432 4110 lori
462 4045 613 4114 Tonanti.
660 4045 709 4109 Ita
735 4043 914 4111 Mercurius
949 4043 1067 4110 dieitur
1100 4044 1217 4126 Ἀρκοίρ
1251 4049 1292 4116 Δ.
1313 4046 1347 4117 Ρ.

247 4164 317 4241 vl,
343 4167 420 4231 315.
446 4167 478 4232 2.
512 4138 544 4231 et
572 4165 742 4242 Κυλλήνιος
776 4163 978 4253 Simpliciter
1006 4187 1024 4230 a
1056 4162 1212 4255 Philippo
1247 4169 1291 4238 A.
1311 4168 1347 4241 Ρ.
1388 4166 1391 4251 J

246 4283 291 4351 VI
305 4337 312 4364 ,
339 4288 393 4355 92.
421 4289 453 4356 6.
478 4299 509 4354 et
532 4285 701 4375 Neptunus
719 4286 827 4362 Ἀλιος
852 4287 941 4358 Ρ400.
963 4289 1042 4355 214.
1070 4291 1102 4357 5.
1387 4284 1388 4290 ’
