2784 5174
711 205 724 236 ι

510 416 555 428 --
583 385 714 447 1¹17-

56 566 237 637 lectionem
267 565 413 634 defendit
448 579 480 633 et
514 569 686 658 explicuit:
723 573 819 639 ιιίίιοῖί
849 577 924 638 νείσί
957 567 1102 660 anquam
1133 583 1168 637 et

54 688 239 778 gladium.
286 688 429 756 Heroum
449 689 534 755 euim
553 690 727 781 imagines,
756 715 838 781 quae
858 692 1050 783 plerumque
1066 714 1165 782 eque·

59 821 146 875 stres
176 822 291 888 eraut,
327 824 363 877 ut
394 822 483 900 patet
514 832 551 876 er
583 834 627 878 us.
654 817 711 890 4.,
748 816 843 879 aruns
883 814 974 883 iudai
1006 813 1164 882 solebant.

62 929 160 1016 Quod
179 952 217 997 er
235 930 298 997 hoo
320 930 510 998 Callimachi
531 929 603 997 loco
622 934 807 998 coniectura
828 935 955 1002 efficere
978 957 1164 1024 possumus,

61 1050 120 1117 sed
144 1051 262 1119 diserte
286 1064 420 1119 testatur
440 1051 634 1119 Sohoiiastes
657 1052 696 1119 ad
720 1055 821 1122 Arist.
847 1055 945 1145 Vesp.
965 1056 1044 1125 8-23.
1077 1053 1169 1139 εἶχον·

59 1171 129 1255 γὰρ
149 1175 175 1240 σί
195 1173 285 1256 ίίρωες
305 1174 503 1242 πανοπλίαν·
528 1174 580 1241 καί
598 1174 690 1251 δῆλον
708 1176 743 1241 ἐκ
761 1183 820 1242 τῶν
841 1176 1035 1244 Δαιταλέων.
1083 1180 1168 1247 Poe-

62 1305 116 1359 tae
142 1317 249 1362 versus
271 1288 368 1366 suut:
404 1342 408 1349 -

201 1418 308 1500 ίῆρῷον
329 1415 423 1494 είπως
443 1416 623 1498 ἐκκομίσαις
647 1420 687 1484 τὸ·
705 1422 760 1485 τοῦ
780 1417 885 1486 Λύκον
898 1469 906 1485 .
920 1417 931 1485 ’.
947 1470 956 1486 .
971 1470 1004 1486 ..

199 1534 305 1604 οὕκοιιν
328 1536 397 1620 ἔχει
420 1541 455 1620 γ’
477 1538 539 1605 οὐδ’
562 1538 657 1612 αὐτὸς
681 1536 755 1621 ίίρως
779 1539 819 1605 ὣν
840 1535 937 1606 ὅπλα.
973 1590 978 1612 2

60 1655 115 1723 td
149 1655 248 1723 rerba
288 1656 480 1742 λοξὸνίφιν
509 1660 620 1726 confer
655 1657 821 1725 Plutarchi
860 1662 956 1730 verba
998 1661 1162 1733 Gieomou.

60 1798 93 1844 e.
115 1779 172 1845 39.
194 1776 319 1857 ὀλίγαις
339 1777 366 1842 δ’
389 1775 513 1861 ὕστερον
533 1778 662 1861 ἡμέραις
684 1781 710 1845 σί
730 1780 766 1846 τὸ
789 1786 882 1860 σῶμα
900 1786 954 1848 τοῦ
974 1781 1171 1863 Κλεομένους

59 1892 370 1981 παραφνλοίττοντες
396 1895 475 1965 εἶδον
502 1899 656 1979 εὐμεγέθη
684 1899 838 1983 δροίκοντω
867 1911 906 1985 τῇ
930 1908 1060 1988 κεφαλῇ
1081 1929 1166 1988 περι-

59 2017 296 2098 πεπλεγμένον.
320 2019 355 2084 ἕκ
379 2017 410 2084 δὲ
433 2018 543 2086 τούτου
568 2019 790 2100 δεισιδαιμονία
812 2021 984 2105 προσέπεσε
1003 2026 1046 2107 τῷ
1069 2025 1171 2105 βασι--

61 2145 134 2216 λεί,
157 2141 198 2215 ὡς
217 2139 322 2222 οίνδρδς
341 2140 528 2225 οίνηρημένοιι
548 2141 708 2224 θεοφιλοῦς
729 2139 781 2207 καί
797 2141 965 2223 κρείττονος
983 2145 1045 2222 την.
1055 2146 1164 2229 φύσιν.

64 2261 107 2326 Οἱ
127 2260 153 2326 δ’
173 2258 389 2343 Ἀλεξανδρεῖς
413 2260 465 2326 καί
486 2259 689 2343 προςέτρεχον
710 2265 878 2345 φοιτῶντες
906 2262 957 2330 ε’πί
978 2265 1032 2332 τὸν
1050 2265 1164 2345 τόπον,
1242 2328 1243 2332 ,

65 2379 147 2461 ίίρωα
164 2379 217 2446 τὸν
236 2378 412 2460 Κλεομένην
431 2380 484 2446 καί
505 2381 577 2447 θεῶν
600 2381 702 2447 παῖδα
724 2385 1008 2480 τροςαγορεύοντες.
1034 2426 1080 2438 -—
1102 2390 1163 2456 Καί

68 2505 156 2568 τοῦτο
178 2498 355 2575 κατιδόντες
379 2503 407 2579 οἱ
429 2503 560 2569 παλαιοί
584 2501 735 2581 μαλιστα
753 2511 812 2570 τῶν
834 2503 914 2588 ζῴων
936 2507 990 2575 τὸν
1013 2507 1165 2590 δροίκοντα

10 2660 13 2677 ·
74 2626 132 2696 τοῖς
153 2620 241 2707 ι’ίρωσι
265 2622 485 2706 συνῳκείωσαν.
536 2624 600 2692 Ubi
621 2625 766 2707 κρείττων
789 2624 874 2692 idem
907 2627 975 2694 iera
1006 2630 1165 2717 significat

80 2740 153 2828 quod
181 2741 265 2826 ι’ίρως.
315 2743 366 2834 ,Ut
397 2749 431 2814 iu
464 2741 592 2812 Cimon.
625 2768 653 2811 a.
681 2749 734 2814 19.
765 2752 877 2825 τιμῶσι
905 2746 939 2813 δὲ
969 2748 1022 2814 καί
1046 2758 1171 2826 ,Κιτιείς

84 2858 168 2944 τάφον
188 2862 263 2931 τινα
293 2864 431 2944 Κίμωνος
444 2899 459 2940 ‚·
487 2867 527 2939 ὡς
558 2863 779 2948 Ναυσικράτης
810 2868 825 2932 0⁰
854 2869 948 2951 ρἰίτωρ
979 2871 1099 2954 φησίν,
1135 2873 1169 2938 ε’ν.

10 3026 12 3045 .
88 2986 163 3067 λοιμῷ
183 2984 238 3052 καί
258 2991 318 3064 γῆς
339 2985 458 3070 οίφορίρι
477 2989 531 3052 τοῦ
550 2987 617 3052 θεοῦ
637 2984 866 3067 προςτοίξαιτος
886 2989 993 3064 αὐτοῖς
1011 2992 1061 3070 μίη
1084 2993 1169 3072 οίμε-Ι

9 3141 17 3171 .·
89 3109 138 3168 λιίν
149 3106 282 3187 Κίμωνος
301 3107 378 3173 ἀλλ’
397 3109 437 3181 ὥς
456 3108 615 3190 κρείττονα
636 3107 784 3187 σέβεσθαι
808 3106 861 3174 καί
881 3110 1051 3193 γεραίρειν,
1077 3113 1165 3202 quod

10 3250 22 3295 r
90 3223 170 3294 uiuos
191 3241 280 3295 reato
300 3241 333 3294 et
351 3227 413 3294 hou
435 3226 508 3293 ioco
525 3241 558 3294 et
578 3228 694 3316 Pyrrh.
716 3233 772 3298 24.
820 3230 913 3296 Marii
936 3253 963 3297 o.
986 3236 1041 3300 27.
1066 3233 1165 3299 datam

10 3370 27 3416 s
89 3341 300 3440 interpretatus
321 3348 668 3438 aatWyttenbaohius
694 3352 725 3416 iu
749 3350 875 3420 lodice.
922 3352 968 3418 Er
992 3351 1054 3418 hoe
1078 3367 1166 3423 uete-

10 3496 30 3540 κ
89 3486 141 3536 tutu
158 3492 247 3538 more
267 3484 431 3562 'serpentes
454 3471 609 3537 heroibus
633 3471 777 3538 sacrandi
801 3472 988 3562 explicanda
1011 3474 1093 3542 rnihi
1116 3479 1168 3544 ri·

87 3584 159 3657 detor
182 3590 292 3657 sabula
312 3589 353 3658 de
377 3591 499 3660 Cadmo
524 3603 556 3658 et
579 3593 754 3660 Harmonia
774 3599 807 3659 ιἰι
829 3593 1004 3661 draconum
1028 3596 1168 3664 formam·

80 3713 218 3791 mutatis,
245 3714 269 3780 i.
295 3734 326 3781 e.
349 3711 504 3801 religione
526 3726 558 3778 et
579 3714 759 3780 reuerentia
789 3712 941 3780 heroibus
964 3714 1072 3782 debita
1096 3718 1168 3784 eol-

78 3829 129 3914 tis‚
150 3843 183 3899 et
204 3832 237 3898 in
260 3854 299 3898 eo
322 3830 435 3897 lusisse
450 3832 577 3899 ridetur
600 3829 831 3921 Aristophanes
855 3834 951 3922 Vosp.
973 3838 1050 3903 438.

10 3930 14 3999 !
51 4030 60 4047 Ι
153 3947 176 4018 ὦ
199 3950 323 4034 Κέκροψ
343 3952 417 4035 ίίρως
439 3949 522 4030 ἄναξ
543 3952 588 4019 τοὶ
610 3953 684 4037 πρὸς
707 3951 804 4019 ποδῶν
826 3954 1018 4035 Δρακοντίδη

153 4078 296 4158 περιορᾷς
317 4069 395 4141 σι’ίτω
418 4076 454 4154 μ’
477 4074 532 4140 ὑπ’
555 4072 667 4156 ἀνδρῶν
687 4070 858 4156 βαρβαρων
880 4073 1096 4156 χειρούμενον,

62 4195 103 4266 σί.
131 4215 178 4261 ιι.
205 4195 280 4258 157.
306 4193 383 4260 ἀλλ’
403 4191 624 4277 ἀποφεύξεται
647 4194 865 4278 Δρακοντίδης.

104 4315 165 4384 liis
191 4314 348 4383 accedant
370 4317 595 4406 inscriptiones
615 4318 737 4406 Δωρικο
761 4319 803 4395 Δ.
824 4317 860 4387 Ρ.
881 4316 953 4398 ΙΧ,
982 4321 1056 4386 144.
