2784 5174
588 339 792 401 -140-0

145 524 315 616 ptionibus
336 541 443 593 antem
472 548 521 591 res
545 525 626 590 laeta
659 535 792 615 propter
816 544 911 612 qnam
935 543 1052 589 manus
1077 520 1138 589 diis
1161 494 1269 589 dicc-x

146 661 198 715 tur
221 648 391 715 memorari
423 646 514 715 solet.
562 644 640 713 Ideo
666 668 762 735 supra
793 646 825 709 in
859 643 1023 712 Leonidae
1047 646 1109 733 ap.
1141 645 1181 713 A.
1210 645 1245 712 Ρ.

145 768 214 844 vl,
238 792 269 839 c.
285 773 363 840 293.
383 777 418 838 0.
443 767 556 857 scripsi
574 765 685 833 οθνεκον
702 789 762 857 pro
782 767 882 843 ηνίκοο.
933 765 1093 833 Posterior
1114 788 1246 856 qnoque

144 912 182 955 ex
202 888 325 957 duabus
347 889 508 959 Leonidae
530 889 796 978 inscriptionibus
820 887 903 955 malo
927 910 943 952 a
969 887 1112 953 librariis
1135 885 1246 953 tabita

143 1010 281 1079 necdum
316 1036 334 1077 a
367 1011 488 1078 criticis
519 1011 672 1101 pristinae
705 1011 882 1099 integritati
910 1010 1058 1077 restituta
1090 1020 1152 1077 est.
1208 1008 1246 1074 ln

145 1149 192 1200 vs.
218 1135 250 1200 t.
274 1153 334 1219 pro
352 1132 410 1197 ὥτ’
432 1130 539 1198 ὠδίνων
560 1130 770 1197 scribendum
788 1143 888 1220 puto:
915 1132 968 1198 ὑπ’
993 1128 1110 1197 ὠδίνων.
1159 1127 1245 1195 lllnd

145 1272 211 1341 qao
240 1272 333 1318 sensa
366 1251 486 1318 Graece
518 1250 670 1328 dicatur,
704 1250 821 1318 docent
853 1253 895 1319 A.
919 1252 957 1322 Ρ.
980 1251 1067 1333 v11,
1102 1273 1133 1319 c.
1155 1255 1187 1319 t.
1213 1253 1243 1318 8.

143 1371 258 1453 μητρὸς
277 1372 335 1437 ἆτ’
356 1370 463 1437 ὠδίνων
480 1369 591 1448 δέξοιτο
610 1370 774 1446 Λητοΐδην.
801 1373 878 1439 383.
897 1376 929 1440 8.
953 1376 1018 1455 <Deir
1037 1370 1243 1452 μοικοιριστοί,
1275 1436 1288 1445 ,

143 1490 226 1559 ὅσσοι
254 1493 313 1558 aior·
346 1491 453 1558 ὠδίνων
484 1495 539 1558 οὐκ
562 1491 623 1559 ίδον
654 1492 763 1569 ἠέλιον.
813 1492 922 1559 infans
958 1494 1055 1581 igitar
1085 1490 1159 1574 ζωός
1189 1493 1275 1559 ὠτ·

144 1611 253 1681 ὠδίνων
275 1625 323 1679 ost
348 1631 464 1680 »natus
494 1615 621 1691 risus,”
648 1613 734 1702 qnod
757 1612 819 1680 hoc
842 1613 936 1692 loco,
962 1613 1021 1680 ubi
1040 1612 1116 1694 ζωόν
1134 1635 1193 1703 per
1215 1637 1267 1683 se

146 1868 234 1924 ctum
254 1866 290 1922 at
309 1855 363 1923 ὑπ’
382 1855 509 1929 υθλών,
535 1855 595 1921 tna
616 1855 792 1938 συρίγγων,
816 1857 880 1923 dard
899 1856 1075 1935 μαστίγων.
1122 1855 1187 1923 Sed
1208 1878 1246 1924 ne

145 1974 348 2066 sicquidem
382 1976 487 2042 omnia
527 1976 622 2066 plano
651 1962 852 2043 diots'mihi
884 1975 1045 2044 sidentur.
1102 1974 1185 2043 Nam
1213 1976 1242 2041 in

143 2098 253 2188 priore
276 2096 408 2163 alterius
431 2095 562 2162 distichi
583 2119 674 2165 serso
701 2096 861 2186 iungenda
889 2109 983 2166 sant:
1011 2097 1047 2161 ἐκ
1070 2093 1162 2163 τόκου
1184 2096 1242 2174 βοι-

142 2217 328 2302 ρυνοροόνης,
355 2232 391 2285 ut
415 2216 552 2286 Theocr.
574 2217 691 2298 xvlt,
716 2221 773 2286 61.
822 2218 1007 2298 Ἀντιγόνοις
1027 2215 1170 2299 θυγοίτηρ
1191 2218 1242 2296 βε-

144 2336 310 2420 βαρημένοι
340 2336 504 2406 ὠδίνεσσιν.
543 2337 625 2407 Gall.
658 2338 730 2407 net.
751 2341 831 2408 202.
867 2341 997 2420 τλήμον’
1026 2339 1080 2405 ὑπ’
1111 2338 1242 2405 ὠδίνεσσι

144 2459 355 2543 βαρυνομένην
382 2458 508 2542 ὁρόωσα.
555 2459 664 2526 Verbo
686 2460 898 2543 βαρυνομένης
930 2460 1094 2550 appositas
1120 2480 1245 2527 accasa-

145 2582 230 2648 tirns
257 2578 356 2657 νηδθν.
404 2579 468 2647 Sed
498 2582 541 2647 ita
570 2583 652 2649 mire
683 2581 829 2650 dictums
863 2578 1080 2657 advocatricis
1106 2579 1245 2666 βρέφος,

147 2701 205 2767 ubi
236 2714 292 2766 sut
323 2700 595 2790 praepositionem
620 2699 762 2768 additam
797 2701 947 2769 malueris
979 2714 1035 2768 aut
1061 2700 1153 2767 alind
1180 2724 1248 2767 ser·

147 2821 225 2889 burn
253 2834 477 2912 exspectasses.
530 2821 620 2907 Quod
650 2822 722 2888 eliis
750 2825 892 2915 reperire
930 2824 1088 2914 obtingat.
1111 2872 1113 2877 ·
1136 2824 1192 2893 Vs.
1214 2826 1248 2891 2.

148 2954 338 3033 corruptum
371 2954 438 3009 est:
474 2938 583 3024 ίίτερθε
612 2944 711 3025 θνρών.
762 2942 922 3033 Corrigo:
959 2944 1125 3028 sapietiae
1161 2945 1248 3019 θῆκεν

147 3063 206 3131 ὑπὸ
229 3062 397 3148 τροθθρων,
423 3062 473 3130 vel
496 3062 547 3129 ἕτί
568 3064 727 3147 τροθθρων.
778 3065 821 3133 Ut
843 3064 1049 3156 Asclepiades
1074 3067 1114 3133 A.
1139 3064 1177 3134 P.
1197 3065 1248 3143 V,

148 3189 228 3256 202.
245 3189 279 3256 2.
326 3188 489 3266 Πλωγγών
508 3186 647 3254 εθίστων
667 3188 755 3264 θῆκεν
774 3187 825 3252 ε’σί
844 3188 1004 3272 τροθθρων.
1029 3186 1093 3267 ΡΙ,
1118 3207 1149 3256 c.
1170 3191 1249 3255 157.

149 3313 182 3376 4.
209 3311 287 3377 246.
308 3313 341 3376 3.
374 3307 488 3391 ῥοίβδον
511 3308 563 3374 tart
596 3309 762 3390 προθύροισι
792 3305 937 3376 Πόσειδον
967 3306 1086 3375 ἄνθετο.
1116 3330 1147 3377 c.
1170 3310 1249 3377 254

149 3432 182 3493 8.
205 3427 285 3511 δώροι
305 3429 475 3512 Πριητείων
495 3431 583 3505 θῆκεν
602 3429 653 3494 ε’τί
678 3428 836 3510 τροθθρων.
862 3431 941 3496 293.
969 3431 1002 3495 6.
1027 3433 1175 3502 στεττοίς
1197 3429 1248 3506 dst-

149 3571 202 3617 κεν
221 3548 272 3614 ἐτδ
301 3546 465 3632 τροθθροις.
514 3547 672 3615 Similiter
693 3549 761 3628 vl,
790 3552 867 3618 172.
892 3549 949 3632 τρὸ
972 3548 1134 3624 τωστθδος
1158 3551 1251 3634 ηώρη·

149 3696 185 3736 σε
214 3672 332 3737 τοῦτον.
359 3672 437 3737 277.
469 3673 502 3740 2.
533 3668 579 3736 σοί
617 3669 731 3737 τλόκον
766 3669 880 3744 οίκείοις
920 3667 1006 3736 τόνδε
1038 3668 1167 3737 διέλοιτε
1200 3669 1249 3737 κό-

148 3818 211 3872 ρσης
243 3790 383 3875 Ἀρσινόη
406 3791 490 3859 θυόεν
517 3795 590 3875 παρ’
625 3791 801 3875 ὠνοίκτορον.
860 3792 911 3859 Ad
945 3791 1031 3859 idam
1066 3793 1250 3883 inscriptio·

149 3934 229 3980 nam
248 3935 347 4002 genos
365 3911 570 3981 referendum
588 3914 684 3979 etiam
707 3912 820 3980 Niciae
839 3913 1036 4004 epigramma
1059 3914 1100 3982 A.
1121 3914 1158 3984 P.
1178 3913 1249 3993 vl,

151 4033 229 4102 270.

240 4152 498 4236 Ἀροφονρὲτρις
522 4153 677 4236 κρήδεμνον
700 4153 753 4217 soci
778 4153 953 4220 θδοιτόεσσοι
977 4155 1147 4239 κοιλθττροο

331 4277 499 4353 Είληθνιοι,
525 4281 723 4359 redemiret
747 4276 822 4359 ὑπὲρ
843 4282 1010 4362 κεφοολώς,
