2784 5174
518 378 719 441 —143-

244 560 298 628 sai
322 562 458 647 νύμφαν
481 559 563 629 οὗτοι
587 563 632 630 rol
657 563 925 648 interremptos,

151 682 313 770 αμφίξονν
334 709 370 751 σε
394 684 582 769 σκέπαρνον·
604 682 679 764 dtr
694 685 887 772 χαρνέρνςο
909 684 1028 771 Ἀθανμ

244 806 320 889 ὡνὴρ
340 806 376 874 ἐν
395 806 514 890 τέχνας
534 806 642 875 ἄνθετο
662 805 875 889 παυσάμενος.

62 926 112 995 De
129 926 235 1017 primo
261 939 465 1017 pentametro
493 927 699 996 hauddubie
722 928 966 1020 corruptissimo
1000 928 1165 996 annotavit

61 1048 243 1117 bieinekius
265 1070 301 1138 p.
327 1051 404 1118 112.
437 1049 497 1115 sibi
520 1049 740 1139 reponendum
770 1049 873 1117 rideri
893 1047 1000 1117 νσξλων
1018 1050 1045 1115 oi
1068 1071 1163 1131 ναχν·

61 1166 104 1233 νοὶ
125 1166 254 1250 βαρέες,
280 1169 304 1237 i.
322 1190 352 1239 e.
375 1170 505 1260 rapidos
526 1170 686 1262 liguarum
709 1182 893 1250 voratores,
917 1169 1036 1261 quibus
1058 1169 1165 1237 serbis

60 1288 214 1356 runcinus
237 1289 399 1376 describi,
432 1315 510 1383 quas
532 1293 661 1359 omissas
688 1314 754 1359 esse
781 1293 813 1359 in
843 1290 928 1359 fabri
954 1291 1084 1382 lignarii
1113 1292 1165 1357 in·

58 1421 315 1479 strumentorum
347 1434 481 1479 recensu
513 1435 717 1503 naquaquam
748 1411 905 1480 credibile
934 1434 1014 1482 esse.
1058 1413 1167 1479 Voce·

57 1530 177 1597 bulum
208 1529 318 1614 βορεῦς
351 1531 483 1600 aliunde
507 1556 571 1599 non
592 1535 781 1623 cognitum,
805 1546 839 1600 at
869 1546 957 1601 recte
991 1533 1165 1600 formatum

54 1675 144 1722 esre.
187 1651 271 1722 biibi
292 1652 373 1720 baec
404 1655 454 1721 ris
484 1677 521 1721 ac
551 1677 591 1721 ne
615 1658 666 1722 ris
690 1655 821 1746 quidem
849 1653 1031 1746 probabilia
1051 1653 1166 1721 riden-

54 1787 132 1844 tur.
176 1773 259 1843 Nam
290 1787 327 1842 ut
355 1776 483 1843 mittem
509 1774 661 1843 dictionis
692 1776 920 1855 insolentiam,
946 1774 987 1842 de
1017 1796 1081 1865 qua
1108 1795 1167 1841 an·

53 1916 140 1986 ceps
159 1893 290 1964 haerere
312 1897 414 1987 possit
441 1895 621 1977 iudicium,
645 1896 706 1964 hac
734 1919 833 1964 unum
856 1895 905 1963 rel
930 1895 1065 1964 maxime
1087 1893 1166 1962 huic

53 2016 271 2083 coniecturae
294 2015 400 2084 obstat
420 2018 508 2108 quod
533 2019 578 2085 its
607 2017 723 2108 copula
743 2018 798 2085 sni
820 2017 871 2085 rel
891 2017 929 2085 ri
952 2016 1166 2087 desideratur.

57 2136 161 2205 Vides
194 2139 281 2206 enim
313 2139 515 2230 singulorum
546 2141 834 2208 instrumentorum
865 2141 997 2208 nomine
1030 2141 1168 2207 coniun-

54 2257 226 2327 ctionibus
241 2280 382 2326 connexa
407 2283 485 2329 esse.
534 2260 628 2330 Unde
648 2283 708 2351 pro
725 2274 815 2328 certo
837 2260 922 2328 effici
945 2272 1052 2351 potest
1069 2259 1168 2327 rerba

54 2379 169 2448 κοίλων
191 2417 237 2431 -
254 2381 347 2468 βορέρ
377 2381 416 2448 ad
449 2381 590 2461 στάθμαν
625 2382 793 2450 referenda
820 2405 898 2451 esse.
957 2381 1050 2470 Quod
1085 2379 1166 2448 mibi

57 2502 187 2571 rectius
208 2501 361 2592 singulari
380 2524 516 2569 numero
536 2502 666 2582 σσαθμα
690 2500 788 2568 scribi
811 2501 952 2572 ridetur.
999 2503 1070 2571 Hoc
1093 2501 1165 2568 loco

57 2645 97 2690 ex
125 2620 271 2712 Philippi
291 2644 384 2689 aersu
408 2625 449 2692 A.
472 2624 508 2693 P.
531 2623 598 2702 vl,
627 2627 703 2690 103.
735 2627 765 2690 1.

154 2740 306 2823 Στάθμνν
326 2744 445 2819 ἰθντενῆ
465 2742 691 2826 μολνβαχθέα,
715 2743 878 2826 δονρνσνννῆ
902 2769 937 2810 τε

245 2869 370 2949 σφῦραν
392 2865 445 2933 καὶ
469 2866 568 2948 papir
592 2866 786 2950 αμφνδὲσονς
809 2866 916 2950 alpibus

59 2986 213 3057 coniecit
242 2985 295 3052 καὶ
320 2985 425 3054 κάλων
448 2988 583 3063 ilustris
607 2986 731 3070 μολίβῳ
762 2984 915 3067 arrideas,
950 2998 987 3052 ut
1008 2986 1166 3074 genitivus

59 3105 168 3174 κοίλαν
188 3105 228 3172 ad
252 3104 383 3188 σταθμα
404 3109 574 3177 referatur.
623 3107 686 3175 Sed
715 3108 787 3197 quis
816 3108 891 3173 talia
921 3120 1083 3196 praestare
1111 3128 1167 3172 re·

59 3228 127 3296 lit?
151 3228 355 3320 Pergendum
379 3229 419 3295 ad
442 3253 487 3298 rs.
509 3236 541 3298 7.
566 3226 623 3294 ubi
647 3226 739 3294 valde
761 3226 909 3318 displicet
924 3228 1063 3303 ὠκήενσα
1082 3225 1166 3310 τέρε-

59 3375 133 3436 σρα.
182 3350 248 3421 Sed
270 3351 413 3443 placeret
435 3351 578 3431 ὄξήεντα.
629 3349 722 3439 Quod
746 3349 787 3416 ab
814 3348 885 3428 ὀξύς
909 3347 1019 3416 eadem
1044 3350 1168 3415 ratione

61 3474 239 3540 formatum
271 3495 334 3564 qua
364 3474 472 3549 ὧνήενς
496 3472 538 3538 ob
559 3470 637 3547 ὠκύς
666 3485 698 3538 ct
721 3473 844 3548 αἱπνὶενς
870 3470 910 3536 ab
934 3469 1029 3545 αἶσύς
1049 3469 1168 3538 Leoni·

60 3593 124 3661 dae
153 3594 219 3686 sp.
254 3596 295 3664 Α.
322 3595 359 3664 Ρ.
383 3594 466 3673 vn,
493 3597 572 3661 273.
601 3598 631 3662 1.
686 3593 724 3660 ln
758 3591 919 3660 Leonidae
951 3591 1169 3682 inscriptionis

61 3740 110 3785 rs.
129 3721 165 3791 9.
201 3714 316 3783 Suidas
344 3715 495 3783 adiectiri
524 3716 691 3799 χαρίερνος
717 3714 1017 3805 interpretationem
1039 3735 1075 3779 ex
1107 3709 1169 3778 hoo

59 3860 129 3904 ano
159 3836 232 3904 loco
258 3837 389 3904 ductam
413 3834 503 3904 dedit
525 3835 628 3902 banci
655 3831 928 3915 ὃκεχαρνσωμένα
951 3830 1167 3914 ἐργαζόμενος.

57 3956 162 4029 Unde
186 3958 350 4025 lacobsius
379 3958 558 4048 suspicatus
587 3969 733 4023 osteum
764 3955 795 4021 in
829 3951 939 4020 codice
970 3974 1027 4019 suo
1057 3952 1169 4042 legisse

53 4079 244 4165 χαρνεργδς.
293 4078 455 4170 Equidem
472 4078 599 4146 nullum
618 4079 724 4169 reperi
744 4074 958 4156 vocabulum,
983 4078 1075 4142 cuius
1092 4099 1171 4144 ana·

56 4204 151 4294 logia
183 4200 279 4268 huius
311 4200 460 4268 vocabuli
500 4200 603 4266 forma
632 4199 762 4267 defendi
797 4199 918 4288 possit,
951 4220 1056 4288 neque
1087 4195 1169 4262 illud

55 4324 206 4418 pessime
238 4322 412 4392 formatum
448 4320 555 4388 dicere
589 4344 712 4393 vereor.
773 4320 975 4411 Quapropter
1008 4319 1170 4388 Minervae
