2784 5174
699 358 874 419 ..60-

240 544 378 636 praefice
400 554 447 610 est
457 593 466 625 ,
486 565 569 634 quae
583 543 627 608 cic
644 556 806 610 mortuum
820 538 1019 607 collaudat.”
1047 536 1160 606 Cicero
1181 537 1223 606 de
1236 538 1338 630 leggt

240 666 298 745 11,
324 669 459 765 24.,62.
495 664 760 732 »honoratorum
796 665 937 730 virorum
955 650 1076 727 'lauder
1109 661 1141 726 in
1169 667 1336 727 concione

241 799 479 866 memorentur,
501 808 627 876 eaeque
648 787 744 853 etiam
772 796 883 850 cantus
901 782 941 850 ed
965 780 1137 848 tibicinem·
1152 803 1336 872 proecan·

241 921 319 986 tur,
344 909 396 973 cui
415 927 531 973 nornen
554 907 690 987 uenire,
714 927 779 995 qno
806 903 962 973 rocebnlo
991 905 1087 970 etiam
1109 903 1241 970 Graecis
1262 924 1338 968 oan-

241 1039 292 1095 tus
315 1025 465 1116 lugubres
486 1027 731 1095 nominantur.'‘
755 1026 794 1093 ln
817 1047 881 1115 quo
903 1024 975 1090 loco
992 1045 1100 1090 omnes
1118 1022 1194 1088 libri
1220 1045 1336 1112 »pro-

239 1147 439 1237 aequatur”
464 1146 530 1213 sire
552 1146 614 1212 boc
631 1146 736 1237 ipsum
752 1147 818 1213 sire
838 1147 882 1212 ita
903 1145 1059 1235 scriptum
1086 1157 1121 1210 ut
1141 1144 1174 1219 in
1194 1166 1334 1235 praepo·

238 1270 354 1335 sitione
377 1289 441 1332 unu
463 1267 553 1334 nulla
584 1267 627 1333 sit
649 1268 793 1335 varietas.
841 1266 943 1333 lidem
980 1266 1176 1355 „eaeque”
1202 1276 1336 1331 tuentur

239 1387 382 1455 unanimi
402 1409 578 1466 consensu,
603 1387 691 1477 qnod
712 1386 914 1476 Schleqelius
944 1385 984 1452 de
1016 1387 1201 1453 coniectura
1228 1398 1338 1452 muta·

239 1511 286 1576 rit
307 1509 339 1575 in
364 1511 559 1598 »coeque.‘’
592 1508 728 1598 Reliqua
752 1509 839 1576 varie
860 1512 893 1574 in
916 1505 1083 1574 codicibue
1101 1509 1220 1598 scripte
1243 1505 1340 1574 nullo

240 1627 280 1697 ed
300 1651 424 1696 sensum
447 1628 633 1696 discrimine
655 1628 711 1695 red
733 1628 845 1697 eodem
863 1627 960 1695 modo
980 1627 1081 1695 haec:
1109 1648 1271 1717 »eaeque
1292 1664 1340 1678 -

240 1758 363 1816 cantur
381 1754 652 1840 prosequatur.'’
701 1749 794 1836 Quod
826 1773 890 1816 non
919 1763 1009 1816 recte
1037 1748 1173 1818 dictum.
1221 1749 1342 1831 Latine

239 1872 326 1938 enim
342 1871 463 1938 dicitur
477 1884 533 1938 eut
556 1896 578 1936 ν)
591 1871 714 1939 lauder
732 1873 888 1938 alicuine
903 1873 1071 1960 persequi
1080 1870 1117 1948 ‚‘’
1144 1881 1199 1936 unt
1222 1892 1246 1935 >r
1258 1873 1342 1936 lcu-

242 1993 343 2059 de'bue
360 1994 513 2083 aliquem
532 1997 740 2084 proeequr'.”
788 1993 967 2060 Pronomen
1001 2004 1108 2058 autem
1137 1990 1344 2059 demonstre-

239 2113 341 2180 tirum
372 2111 413 2177 ad
442 2135 541 2190 unum
570 2112 804 2180 substantivum
830 2113 1023 2180 »laudee”
1060 2111 1173 2180 referri
1202 2125 1340 2202 potest»,
1375 2122 1378 2128 '

239 2256 305 2325 quo
330 2257 446 2325 parum
465 2247 539 2325 epte
558 2232 697 2312 modum
719 2235 906 2301 naeniarum
924 2235 1097 2324 significari
1119 2245 1208 2323 puto.
1247 2233 1345 2320 Que-

241 2378 276 2423 re
294 2355 444 2446 equidem
467 2358 500 2422 in
526 2355 691 2431 Ciceronis
716 2356 840 2426 verbis:
868 2382 889 2423 >›
902 2380 1029 2447 eaeque
1046 2359 1144 2429 etiem
1164 2367 1278 2422 cantur
1299 2356 1344 2421 ad

240 2476 407 2545 tibicinem
437 2480 685 2569 prosequatur”
722 2478 981 2552 emendaverimr
1017 2483 1203 2568 exsequiae
1238 2479 1343 2546 etiam

240 2611 353 2665 centur
384 2597 423 2663 ad
459 2598 626 2666 tibicinem
657 2613 884 2690 prosequetur.
938 2600 985 2670 Ut
1015 2598 1157 2677 lustinus
1179 2599 1251 2680 Xl,
1283 2602 1343 2669 12.

241 2718 314 2784 »In
335 2718 451 2783 itinere
470 2719 639 2785 nuntiatur
660 2741 790 2787 uxorem
817 2722 885 2786 eius
905 2718 1073 2787 decessisse
1097 2722 1231 2812 eiusque
1251 2743 1344 2787 mor·-

241 2849 307 2906 tem
333 2835 596 2924 collacrymetum
620 2837 836 2906 Alexandrum
858 2843 1087 2931 exsequiasque
1105 2841 1243 2930 benigne
1262 2863 1346 2933 prce

242 2972 401 3031 secutum,
417 2962 522 3026 eese.‘’
569 2958 631 3025 Hic
644 3034 647 3039 Q
661 2960 831 3027 tibicinum
846 3008 850 3014 -
865 2961 978 3029 modus
1002 2961 1106 3028 dictus
1138 2960 1250 3041 ἔλεγος
1260 3038 1262 3043 ,
1273 2962 1346 3052 Ly-

241 3078 314 3146 diee
338 3078 524 3145 hermoniae
554 3081 634 3146 acris
660 3092 693 3146 et
713 3079 833 3157 flebilia
861 3081 902 3146 eb
925 3079 1063 3173 Olympo
1092 3096 1225 3150 auctore
1256 3083 1344 3151 inter

242 3199 380 3268 Greecoe
408 3199 640 3291 repetebatur,
672 3199 705 3266 id
735 3198 822 3290 qnod
851 3200 956 3267 efficio
988 3224 1025 3268 er
1058 3200 1176 3268 Snidee
1210 3202 1343 3273 verbis:

236 3323 408 3404 Ὄλυμπος
430 3323 565 3397 Μονίονοι
592 3313 723 3398 Mucii,
757 3325 897 3399 οιύλνιτὶρς
920 3321 973 3389 xci
1001 3325 1129 3400 ποιητὴς
1159 3325 1344 3403 ἐλεγείων

241 3441 304 3510 reci
328 3449 470 3525 μελῶν,
505 3443 630 3523 ἡγεμών
657 3467 694 3508 τε
717 3440 881 3522 γενόμενος
904 3453 962 3521 τῆς
991 3453 1197 3526 κρουματικῆς
1221 3445 1344 3526 μούσοις

240 3570 297 3642 τῆς
317 3563 369 3631 διὰ
391 3569 451 3631 τῶν
469 3565 588 3639 οὐλῶν,
615 3563 734 3630 colleto
751 3564 916 3632 Plutarchi
941 3565 1012 3631 loco
1032 3566 1072 3631 de
1089 3567 1206 3635 Music.
1232 3589 1263 3634 c.
1287 3570 1344 3637 15.

240 3682 399 3770 τοιγάρτοι
424 3681 558 3752 Πλάτων
581 3684 637 3762 τὴν
659 3684 770 3752 Λύδιον
797 3686 949 3772 Ιοὶρριονίοιν
978 3696 1200 3770 τοιροιιτεῖτοιι,
1235 3687 1344 3796 ἐτειξὴ

240 3805 327 3887 licie
346 3805 400 3874 eei
424 3805 592 3884 ἐπιτήδειος
615 3807 688 3891 πρὸς
709 3808 830 3891 θρῆνον,
856 3806 947 3894 qino}
969 3811 1024 3888 riv
1047 3810 1167 3892 τρῶτνν
1187 3807 1344 3875 ούοτοοοιν

240 3928 339 4004 αὐτῆς
362 3933 444 4011 φονον
467 3927 595 4011 θρηνώδη
618 3928 689 3996 τινὰ
712 3929 866 4008 γενέσθαι.
910 3931 1081 4011 Ὄλυμπον
1101 3930 1165 4013 γὰρ
1196 3934 1342 4012 πρῶτον

241 4044 449 4129 Ἀριστόξενος
469 4048 500 4112 ἕν
520 4050 563 4130 τῷ
582 4049 689 4131 πρώτῳ
709 4047 777 4129 περὶ
801 4057 949 4128 μουσικῆς
970 4049 1021 4116 e’rrl
1040 4052 1082 4134 τῷ
1102 4049 1222 4117 Πύθωνί
1240 4054 1343 4132 <berre

243 4166 456 4244 ἐπικήδειον
481 4171 649 4246 eorem
676 4167 817 4235 Λυδιστί.
864 4169 957 4237 Licet
982 4173 1069 4238 enim
1095 4171 1275 4262 Terpandri
1311 4185 1345 4237 et

244 4286 374 4378 Olympi
396 4290 558 4368 ποιήματι
570 4288 654 4358 idem
675 4304 829 4358 memoret
840 4289 1030 4370 Plutarchus
1048 4290 1088 4358 dc
1100 4292 1216 4362 llluoic.
1239 4297 1343 4363 c.18.
