2784 5174
432 440 434 445 .
521 357 700 420 -27··-

66 554 262 620 mentocst‚
288 541 374 632 quod
395 544 461 610 eius
483 545 578 632 plane
600 557 635 611 ut
651 543 825 634 Meleagri,
851 542 1014 638 Philippi,
1038 546 1163 615 Strato·

64 667 142 744 nis,
167 661 340 755 dgatbiae,
362 667 418 756 qui
441 665 559 754 singuli
581 664 809 755 anthologiam
831 664 1045 735 condiderunt
1059 671 1163 756 „epi-

64 799 243 876 grammata
266 807 399 863 numero
420 787 556 876 plurima
577 785 615 852 ed
635 811 690 853 nos
710 800 948 877 pervenerunt,
967 787 1010 853 ad
1032 788 1161 867 eentum

65 907 313 997 quinquaginta.
361 907 449 994 Quae
472 906 614 974 versibus
636 909 711 973 satis
741 906 902 997 eleganter
926 907 1065 975 conditis
1086 913 1164 976 scri·

64 1038 146 1116 pta,
172 1025 226 1093 sad
248 1024 421 1100 admodum
445 1030 533 1101 tenui
564 1025 657 1096 laude
677 1029 823 1116 poeticae
853 1028 1014 1096 facultatis
1035 1041 1091 1095 aut
1114 1033 1164 1097 in·

64 1147 154 1235 genii
187 1147 292 1214 festini
325 1148 466 1214 ornanda
496 1147 548 1214 ria
572 1160 660 1215 tanto
690 1170 824 1217 numero
851 1164 973 1216 serrata
1004 1150 1163 1229 fuissent,

67 1269 132 1334 nisi
163 1265 294 1335 aliunde
325 1266 423 1358 idque
446 1269 547 1358 ipsius
578 1285 692 1356 poetae
719 1291 815 1358 opera
847 1270 885 1334 iis
915 1266 1166 1360 quaesita'esset

66 1386 319 1456 commendatio.
367 1385 529 1454 Palladius
546 1391 632 1456 enim
654 1389 749 1479 longe
769 1390 910 1478 plurima
933 1392 1081 1457 earmina.
1096 1415 1114 1456 a
1132 1414 1167 1459 sc

67 1508 189 1598 scripta
225 1506 440 1599 Anthologiac
475 1510 644 1576 inseruisse
677 1507 819 1579 ridetur.
874 1507 958 1576 Octo
999 1510 1067 1577 eius
1096 1512 1166 1601 epi·

67 1638 243 1717 grammata
268 1628 300 1695 in
322 1627 468 1696 Gessium
491 1641 656 1697 mortuum
676 1631 794 1720 scripta
818 1629 984 1697 σκωπτικοί
1009 1629 1166 1722 Cephalon

69 1745 194 1815 addidit
217 1747 451 1838 sepulcralibus
471 1750 555 1830 tlt,
580 1751 770 1819 oar-689.

113 1867 152 1936 ln
173 1868 450 1959 Epigrammatum
475 1869 672 1959 Florilegio,
697 1871 797 1938 altera
819 1870 1033 1960 Anthologiae
1053 1885 1164 1964 parte,

68 1988 183 2057 ultimo
213 2011 402 2080 reponerem
434 1990 506 2057 loco
539 1992 681 2058 carmina
704 1991 800 2057 huius
829 1993 1034 2081 argumenti,
1056 1994 1164 2082 primo

67 2133 147 2179 vero
165 2112 394 2202 epigrammata
416 2111 565 2198 βιωφελῆ
588 2111 716 2203 aliaque
738 2135 820 2206 quae
841 2115 988 2203 superius
1010 2113 1044 2180 in
1064 2135 1166 2180 unum

67 2233 233 2322 coegimus
256 2233 400 2314 librom,
423 2235 480 2325 qai
509 2235 677 2302 uniuersus
697 2255 762 2301 uno
780 2233 877 2303 titolo
899 2240 1090 2317 Σωμμικτῶν
1114 2236 1165 2302 iu·

66 2352 255 2444 signiendus
283 2355 425 2423 ridetur.
473 2356 722 2445 Epigrammatis
747 2368 854 2421 autem
879 2353 1049 2444 biologicis
1076 2377 1167 2421 eorn-

64 2473 183 2543 modus
204 2487 335 2566 paratur
367 2474 519 2544 uausitus
552 2474 593 2541 ab
623 2475 891 2563 inscriptionibus
923 2474 963 2540 ad
995 2476 1166 2565 Epigram-

65 2606 174 2676 mata,
200 2615 301 2685 quum
325 2593 389 2660 boc
416 2594 684 2684 epigrammatum
711 2615 811 2684 genus
838 2596 1016 2684 antiquitus
1044 2594 1085 2662 ab
1108 2595 1165 2663 lu·

64 2713 299 2809 scriptionibus
329 2736 394 2782 non
424 2714 522 2781 luerit
550 2714 753 2793 seiunctum,
777 2713 863 2804 quod
888 2716 1050 2783 nonnullis
1075 2739 1164 2784 com·

63 2836 225 2928 probatur
246 2835 518 2926 inscriptionum.
545 2857 627 2927 quae
656 2835 828 2920 βιωφελεῒς
856 2833 1034 2915 dicendae,
1059 2859 1165 2906 exem·

62 2958 142 3048 plis.
191 2958 273 3024 Vere
296 2958 381 3023 enim
404 2956 619 3047 Diogenianus
640 2960 673 3022 in
697 2955 944 3026 Proverbiorum
967 2958 1160 3030 Prooemio:

60 3074 343 3159 sterneretis
367 3082 538 3161 κοινωφελῆ
564 3075 718 3161 εὕρισκον,
744 3082 849 3145 raiae
875 3077 961 3144 sarai
991 3079 1163 3163 λεωφόρους

58 3199 151 3274 ὁδοὺς
169 3200 357 3282 ἀνέγραφον.
384 3197 461 3275 ,οὕτω
482 3199 535 3266 καὶ
553 3200 596 3264 τὰ
617 3206 675 3266 τῶν
696 3205 807 3283 Σοφῶν
824 3200 1065 3283 ἀποφθέγματα
1084 3225 1164 3282 γνω-

58 3322 178 3398 σθῆναί
207 3326 288 3404 φασι
318 3320 371 3386 ael
400 3321 443 3387 reb
474 3322 675 3402 notaacnota
705 3321 982 3404 παραγγέλματα.
1040 3322 1165 3408 Quibus

59 3441 270 3532 Pythagorae
292 3443 470 3532 praeceptis
494 3441 664 3532 significari
694 3443 842 3511 ridentur
864 3445 972 3534 plures
992 3465 1163 3525 versuum,

62 3563 245 3651 exquibus
274 3568 379 3646 χρυσᾶ
405 3561 605 3653 Pythagorae
628 3564 686 3640 ἔπη
711 3566 872 3645 conflata,
898 3565 1018 3655 aliique
1047 3565 1165 3655 quibus

58 3683 204 3756 Hesiodi
224 3685 331 3777 Opera
351 3699 383 3754 et
404 3686 478 3754 Dies
498 3689 561 3753 iam
581 3699 704 3754 mature
722 3700 815 3754 aucta
836 3701 921 3755 sunt.
959 3689 1057 3754 Erant
1079 3689 1164 3752 enirn

56 3806 316 3896 inscriptionum
344 3806 425 3873 aliae
446 3806 550 3872 soluta
573 3809 716 3873 oratione
746 3808 906 3895 scriptae,
930 3805 1043 3875 Schol.
1067 3805 1163 3874 Hom.

58 3926 135 3997 od.
159 3925 259 4006 vill,
285 3931 362 3996 351.
395 3928 430 3993 τὸ
454 3928 486 3991 ἐν
509 3931 649 4010 Δελφοῖς
676 3927 890 4007 ἐπίγραμμα·
924 3922 1051 4006 ἐγγύαι,
1077 3923 1165 4008 arclpa

57 4045 188 4122 δ’ἄτω,
209 4061 241 4115 et
260 4056 382 4115 caetera
404 4060 573 4138 praecepta
589 4061 709 4141 septem
722 4049 931 4139 Sapientem,
955 4072 986 4118 v.
1005 4049 1098 4120 Paua.
1111 4048 1162 4130 X,

60 4175 126 4238 24.
156 4173 185 4239 1.
219 4170 253 4236 in
277 4168 436 4237 vestibulo
456 4170 567 4262 templi
589 4169 738 4261 Delphici
760 4172 902 4262 scripta,
928 4171 1008 4238 aliae
1025 4169 1165 4237 disticho

63 4291 212 4360 inclusae
224 4303 261 4357 ut
272 4292 426 4360 sententia
439 4291 471 4358 in
484 4293 660 4381 propylaeo
676 4293 788 4382 templi
798 4292 919 4362 Deliaci
933 4292 1016 4383 apud
1031 4295 1165 4362 Aristot.
