2784 5174
699 313 876 377 ..26-

239 525 338 595 quum
375 500 465 600 npilo
499 501 619 573 nitatur
652 500 771 567 diserto
807 502 921 567 veteris
954 500 1120 590 scriptoris
1152 503 1340 572 testimonia

239 648 300 696 nee
326 624 522 716 argumentis
551 623 744 689 extrinsecus
765 619 868 697 allatis
888 622 1009 689 firmari
1033 619 1133 711 possit
1146 670 1157 701 ,
1180 622 1243 689 elia
1272 626 1341 695 eir.-

240 744 479 837 eamspicienda
498 754 572 809 sunt
594 742 814 831 probabiliore
837 751 870 809 at
894 742 1049 811 certiore.
1093 742 1181 811 liaee
1204 745 1339 813 inresti-

240 891 328 958 gasse
349 867 431 933 mihi
450 862 557 931 videor
577 886 614 930 er
638 863 788 931 lemmate
811 863 844 927 ia
867 860 978 930 codiee
995 861 1158 952 adseripto
1180 863 1218 941 ari
1245 867 1286 941 Δ.
1299 865 1339 937 Ρ.

241 988 326 1067 vn,
349 989 427 1056 339.
450 996 475 1055 t.
488 983 561 1064 iii,
585 1006 619 1074 p.
632 985 712 1052 298.
731 982 927 1058 Ἄδηλονέσὶ
940 985 999 1052 σι’νι
1016 985 1108 1053 τοῦτο
1126 983 1337 1066 γέγραπται·

239 1112 322 1185 πλὴν
340 1105 387 1172 ὅτι
408 1107 439 1173 ἐν
457 1111 521 1179 τοῖς
542 1109 596 1173 σοῦ
614 1102 773 1173 nastasia}
794 1104 1036 1187 ἐπιγράμμασιν
1051 1104 1156 1186 εὑρέθη
1175 1105 1337 1185 κείμενον·

238 1229 358 1309 μήκοτε
380 1226 411 1295 δὲ
432 1229 612 1293 Λουκιανοῦ.
663 1224 756 1293 Unde
785 1225 825 1294 G.
845 1224 1030 1315 Weigand,
1056 1227 1113 1314 qui
1138 1249 1158 1288 ν
1172 1224 1212 1293 de
1236 1225 1340 1297 fonti.-

239 1348 298 1414 bus
320 1362 352 1414 et
381 1344 494 1413 ordine
518 1344 733 1434 Anthaiogiae
754 1343 993 1434 Cephalaaae''
1017 1344 1188 1436 diligenter
1214 1348 1281 1438 egit
1303 1348 1337 1415 ia

240 1467 509 1539 commentatione
521 1467 630 1535 Museo
644 1463 799 1533 Rhenano
810 1467 927 1535 inserta
939 1490 970 1537 a.
987 1470 1085 1541 1845.
1099 1490 1132 1554 p.
1145 1468 1340 1535 tet—179.

241 1612 275 1678 p.
298 1591 489 1657 sal—572.
511 1610 542 1661 a..
568 1587 666 1655 teat.
690 1608 725 1676 p.
745 1587 936 1654 276-289.
969 1588 1098 1666 effecit,
1123 1588 1340 1678 epigramma·
1363 1650 1369 1659 .

242 1723 309 1777 tum
329 1706 462 1779 Palladii
483 1708 652 1800 separatim
678 1706 838 1783 editarum
863 1708 1012 1779 salaman
1041 1707 1254 1787 Constantine
1275 1707 1342 1783 ce·

241 1828 356 1920 phalae
389 1830 421 1895 in
450 1827 650 1895 conficienda
682 1825 947 1917 Anthologia„ad
972 1850 1088 1904 marrae
1116 1826 1226 1909 irrisae.
1270 1826 1340 1903 Sed

242 1952 288 2017 ita
302 1971 416 2041 param
439 1948 629 2038 intelligitur
649 1947 768 2038 quibua
792 1947 921 2017 tandem
938 1948 1118 2024 rationibus
1139 1947 1255 2031 dietas
1275 1949 1341 2016 Ge·

241 2070 352 2162 phalas
373 2069 412 2136 de
440 2070 597 2158 scriptore
622 2070 773 2143 carmi-eis
797 2067 884 2158 quod
906 2089 963 2135 sue
983 2068 1065 2145 lom)¹
1089 2071 1173 2143 inter
1200 2067 1340 2137 Palladii

241 2192 469 2284 epigrammata
501 2191 658 2280 seriptum
689 2190 877 2271 invenerat,
902 2189 1051 2261 dubitare
1077 2189 1232 2281 potuerit.
1281 2188 1342 2257 Im.

171 2402 174 2409 Ι
242 2309 484 2402 terpretansium
513 2311 622 2400 potius
656 2333 677 2374 υ
689 2312 722 2377 in
755 2309 993 2401 epigrammatis
1021 2333 1039 2377 a
1064 2309 1208 2388 Palladia
1236 2308 1341 2379 eolles

198 2472 201 2478 ·
241 2435 324 2513 etis,
360 2435 392 2501 in
424 2429 558 2499 Palladii
590 2429 764 2520 Florilegio
779 2437 815 2509 ‚”
848 2431 881 2499 in
906 2453 971 2522 que
1003 2431 1073 2522 ipso
1101 2432 1234 2501 fortasse
1266 2433 1341 2521 epi·

241 2552 409 2644 grammati
432 2552 456 2620 l.
478 2573 508 2621 e.
533 2550 732 2641 adscriptum
756 2563 845 2623 erata
875 2551 1030 2631 Ἄδηλον,
1054 2552 1177 2633 gisors
1200 2551 1232 2621 δὲ
1255 2562 1339 2623 Λου-

239 2678 356 2741 κιανοῦ.
396 2671 624 2760 cuiuscunque
645 2685 691 2738 est
709 2683 823 2761 poetae
848 2674 1068 2763 epigramma,
1091 2674 1209 2763 insigni
1229 2695 1341 2751 errore

243 2794 316 2862 ida
349 2788 489 2882 cephala
518 2792 601 2859 ieter
634 2790 824 2880 sepulcralia
855 2792 1048 2869 collocatum
1080 2815 1148 2863 esse
1178 2805 1270 2884 patet
1302 2817 1342 2873 er

243 2915 356 2981 ultimo
385 2910 547 2989 disticha,
572 2911 628 2977 ubi
654 2923 749 3001 poeta
780 2911 921 2989 sodalem
944 2925 1035 3001 roget
1055 2926 1091 2981 ut
1112 2912 1174 2980 sibi
1202 2915 1340 2999 siarum,

243 3034 420 3104 remedium
442 3033 614 3112 dolorum,
634 3033 880 3114 subministret,
901 3048 935 3101 et
958 3057 1003 3101 vs.
1026 3038 1067 3112 ,4,
1091 3041 1124 3102 5.
1216 3086 1218 3091 .

423 3155 441 3235 ἱὶ
462 3181 504 3236 με
527 3152 735 3238 νιροςσελοὲσει
754 3157 797 3238 τῷ
820 3158 957 3239 στυγερῷ
979 3155 1120 3239 δανασῳ·

332 3277 414 3345 οὐδὲν
438 3278 491 3343 ἐὼν
511 3275 667 3355 γενόμην·
693 3273 789 3341 πάλιν
810 3275 941 3357 ἔσσομαι
960 3280 999 3352 ὡς
1023 3275 1118 3361 ποὶρος
1138 3278 1231 3345 οὐδέν.

245 3399 331 3484 Quae
365 3398 472 3465 futura
501 3409 644 3489 tempora
672 3397 712 3464 de
744 3399 874 3466 homine
904 3412 1032 3465 mortuo
1062 3402 1183 3489 inepta.
1232 3399 1344 3484 Palia-

242 3516 330 3585 dium
364 3530 470 3584 autem
501 3519 755 3587 Alexandrinum
777 3559 824 3571 -
846 3519 908 3587 hoe
940 3522 1026 3587 euim
1058 3523 1232 3610 genuinum
1273 3545 1345 3590 esse

144 3689 148 3698 .
241 3641 302 3707 riri
321 3661 461 3717 nomen,
486 3641 553 3705 aeri
571 3640 658 3707 illius
680 3664 768 3709 more
791 3644 824 3709 in
841 3641 1018 3714 narrasse
1039 3656 1253 3732 corruptum,
1280 3666 1343 3733 pa·

240 3760 860 3850 memLRfflssffi&

331 3885 356 3947 ri
377 3880 491 3960 κόκκυξ
512 3880 656 3962 τέττιγα
680 3885 744 3964 ἐρεῖ
759 3885 959 3964 λιγυρώτερον
983 3878 1084 3957 εἶναι,

421 3998 476 4066 ἶσοι
496 4012 591 4069 ποιεῖν
614 4002 666 4068 καὶ
688 4005 750 4081 ἐγὼ
769 4003 940 4086 Παλλαδίῳ
963 4001 1098 4085 δύναμιν
1110 4041 1156 4053 -

242 4124 298 4214 qui
322 4123 497 4213 imperante
518 4124 657 4192 Arcadio
679 4126 776 4204 sirit,
803 4124 1029 4214 Antholegiam
1055 4123 1244 4192 condidisse·
1258 4125 1341 4216 lipi-

241 4258 451 4334 grammatum
480 4250 647 4317 maximam
671 4260 794 4337 partem
817 4255 1004 4335 Σκκπσικῶν
1028 4248 1125 4316 etiam
1150 4245 1212 4315 hoe
1242 4271 1340 4339 argu·
