2784 5174
708 327 887 390 ..53-

240 513 330 580 aium
360 508 400 576 ad
427 509 518 599 ling.
550 508 620 576 Ilcl.
642 507 740 588 v111,
770 513 826 579 68,
868 510 968 578 »Ilii
994 508 1080 577 hunc
1105 509 1261 602 Ilaphuiu
1290 511 1342 581 Pie

239 634 347 727 pleem
373 654 491 700 amasse
509 629 645 709 dicunt,
679 652 775 721 quain
796 653 897 721 quuna
925 655 941 697 a
972 630 1190 721 praedonibus
1211 642 1342 721 ¹raptaue

241 751 387 843 Daphnis
405 773 463 842 pet
481 763 584 818 totuin
605 750 717 819 orbem
735 753 909 841 quaesisset
932 753 1171 844 maenianaque
1186 751 1342 843 iul'hsy*

240 874 290 964 gia
308 872 394 964 apud
408 873 598 962 ⁸lapticrsenn
618 895 725 963 regem
747 873 957 949 servientem,
981 875 1040 965 qni
1060 872 1121 941 hac
1141 874 1213 964 lage
1231 875 1267 944 itt
1286 875 1343 944 ad·¹

240 1016 338 1062 nenas
352 992 537 1071 saeviebat,
561 1006 598 1058 ut
616 1015 718 1083 quum
737 994 857 1062 multas
878 1009 999 1085 segetes
1018 994 1176 1073 hahent,
1197 997 1344 1087 peregri·

240 1136 299 1183 nos
330 1113 535 1182 advenientes
564 1134 672 1182 aecum
695 1127 816 1183 metere
843 1115 985 1196 Iaceret,
1005 1118 1186 1207 sistatque
1214 1115 1345 1185 iubeant

240 1234 370 1307 occidi.
400 1233 556 1302 Hercules
583 1234 752 1303 miseratus
776 1234 955 1325 Daphnidis
983 1237 1070 1305 senil
1097 1236 1136 1304 ad
1170 1256 1284 1326 nepem
1311 1248 1344 1315 et

240 1356 349 1425 audita
371 1331 560 1422 subditione
587 1356 770 1422 certaniinis
800 1356 916 1424 Ialoens
940 1355 980 1425 ad
1001 1356 1188 1425 metendum
1211 1358 1345 1448 accepit

240 1499 342 1567 eaque
361 1477 428 1566 regi
445 1487 542 1566 capnt
568 1477 761 1566 amputavit.
806 1477 857 1546 Ita
878 1475 1029 1568 Daphnin
1048 1501 1067 1544 a
1086 1477 1241 1569 periculo
1260 1477 1346 1549 libs·

241 1598 326 1665 ravit
343 1606 375 1663 et
391 1596 422 1662 ei
441 1595 587 1684 Pipleum
605 1595 815 1686 Nympham,
836 1620 934 1688 quam
958 1597 1020 1681 alii
1037 1597 1185 1669 Thaliam
1204 1597 1347 1687 dionante

240 1715 405 1796 reddidit,
429 1717 549 1808 quibus
572 1716 655 1783 dotis
677 1718 807 1787 nomine
827 1718 933 1785 aulem
958 1719 1234 1810 quoquenepiean
1265 1735 1348 1789 cou-

240 1839 391 1916 dona-vit,
426 1837 519 1906 fenoli
550 1842 664 1929 sopito
692 1838 834 1926 metendi
866 1841 1059 1910 carmine.'’'
1099 1841 1139 1910 Iu
1170 1862 1239 1930 quc
1255 1841 1348 1911 Ioco

241 1962 356 2029 lacuna
375 1971 423 2028 est
440 1973 513 2052 post
532 1960 684 2030 verbum:
709 1962 915 2041 condonavit.
952 1962 996 2028 Et
1015 1984 1076 2052 pro
1088 1967 1228 2052 sopito,
1254 1963 1349 2053 quod

241 2096 455 2175 corruptum,
480 2081 688 2150 scribendum
705 2095 775 2152 ests
799 2083 893 2150 Iereli
910 2089 1100 2174 composito
1111 2085 1255 2153 metendi
1273 2104 1350 2153 cea·

241 2206 340 2274 mine.
387 2205 429 2271 dt
455 2215 545 2269 recte
562 2202 756 2271 Herodotus
772 2204 968 2272 Graecorum
989 2205 1106 2272 Linum
1125 2207 1348 2294 comparavit,

241 2325 337 2405 Unde
360 2324 514 2416 querulus
530 2336 665 2395 cantus:
690 2326 784 2400 Aison
793 2324 938 2402 Λίιιινιι,
963 2347 1061 2416 quem
1085 2324 1243 2409 Oindnsuon
1262 2327 1348 2396 dini

243 2445 408 2537 Pamphns
438 2445 523 2537 apud
557 2446 653 2516 Paus.
675 2447 749 2526 lx,
773 2451 830 2516 29.
853 2452 887 2518 3.
923 2446 1011 2537 quod
1040 2446 1078 2514 ad
1108 2447 1239 2515 Adonin
1268 2463 1347 2540 apte

241 2568 407 2638 transtulit
418 2567 566 2658 Sappho.
589 2567 757 2658 Significat
777 2569 876 2657 igitur
897 2568 1045 2634 invenem
1064 2567 1235 2635 immatura
1253 2593 1345 2637 mor-

242 2704 275 2758 ta
292 2701 520 2782 praereptum,
544 2703 580 2754 ut
601 2689 748 2756 iuvenem
771 2699 935 2755 mortuum
954 2689 1059 2756 verbis
1082 2687 1235 2767 ιιίνίλινε,
1257 2715 1344 2774 ιρις·

241 2809 320 2894 oinos
341 2808 499 2875 allocutus
527 2818 575 2874 cst
607 2805 826 2874 Theodoaidas
859 2810 1067 2888 n.P.v11,
1092 2815 1171 2881 527.
1196 2817 1231 2880 3.
1278 2811 1344 2881 sed

243 2932 330 3000 hunc
355 2941 509 3007 centnm,
535 2929 575 2995 de
601 2951 667 3018 quo
694 2927 806 2997 Schcl.
832 2929 930 2998 Ilom.
955 2929 997 2998 Il.
1020 2929 1156 3013 XVIII,
1182 2934 1262 3003 570.
1285 2935 1344 3011 τίνι

241 3051 294 3121 ἐισί
314 3052 396 3135 Λίνῳ
418 3051 461 3133 τῷ
479 3047 678 3124 Ἀπίλλωνις
698 3049 785 3116 xciii
807 3049 882 3133 ᾠδὴν
899 3049 962 3119 ὄντι
983 3053 1078 3135 νηπίῳ
1098 3052 1344 3121 caulinianensis

241 3176 423 3254 σοιμενιιιῶν
440 3169 661 3238 διιισιιιισίέντι
678 3171 799 3255 πρώτην
817 3172 988 3257 dadsisas,
1013 3173 1098 3241 mule
1119 3173 1260 3264 intelligi
1280 3196 1345 3265 pu·

242 3309 352 3365 terunt
373 3294 414 3360 ab
433 3293 575 3361 Homero
597 3293 667 3382 ipsc
687 3290 799 3358 Iliadis
822 3291 845 3360 l.
868 3314 898 3360 c.

329 3420 426 3482 σοῖσιν
445 3411 472 3479 δ’
491 3413 523 3478 ἐν
542 3410 682 3491 μέσσοισι
701 3411 778 3487 nolin
796 3412 955 3498 φόρμιγγι
975 3415 1080 3499 λιγείῃ

331 3533 450 3617 impias
472 3531 628 3616 κιθάριζε,
653 3533 733 3602 λίνον
756 3534 783 3602 δ’
806 3535 867 3602 ὑπὸ
885 3536 982 3602 καλὸν
1001 3533 1100 3602 ἄειδεν

329 3653 493 3740 λεπταλέῃ
513 3658 612 3738 φωνῇ.

241 3780 287 3848 Ex
308 3778 449 3849 versibus
470 3777 556 3844 enim
577 3773 687 3843 Ovidii
704 3776 744 3843 de
768 3774 891 3868 Orphei
915 3789 1026 3867 patre:

330 3899 468 3968 helinon
488 3901 520 3965 in
543 3897 638 3987 sylvis
659 3896 742 3962 idem
764 3909 856 3986 pater
879 3896 1018 3964 delinon
1041 3895 1113 3961 eltis

375 4018 494 4084 dicitnr
515 4023 630 4084 a'nva'ta
652 4016 850 4083 concinuisse
874 4017 981 4102 lyra,

241 4163 319 4231 quos
339 4162 452 4231 parum
478 4152 564 4208 recte
596 4141 823 4228 interpretatos
847 4134 937 4202 video
960 4139 1042 4202 viros
1065 4135 1197 4216 doctos,
1222 4141 1341 4229 sequi·

241 4278 291 4329 tur
316 4262 401 4350 lyrae
424 4260 533 4328 modos
558 4283 573 4325 n
598 4270 691 4325 cantu
716 4256 817 4326 flebili
847 4258 966 4324 alienos
1002 4280 1085 4327 esse..
1127 4257 1176 4326 Itu
1208 4256 1342 4351 Sopho·
