2784 5174
598 360 805 423 *141-

245 541 269 608 s‘i
289 565 330 609 σε
349 547 422 623 μετ’
447 547 595 627 εὐχωλαῖς
615 547 811 614 ἐκαλέσσατο
830 549 1012 629 λευγαλέας
1031 551 1058 616 οῖ

339 672 433 748 κῆρας
455 667 514 733 ἀπ’
534 666 641 735 ὠδίνων
664 676 742 744 τῆλε
761 669 877 748 βαλεῖν
895 668 1022 752 λοχίαν.

117 769 221 855 'Vc
242 788 275 854 l.
308 784 427 854 codicis
459 770 601 855 Palatini
627 790 801 857 lectionem
832 792 866 857 in
899 791 1094 875 Aeserninos
1126 795 1262 862 mutarit

117 917 231 973 'eum
253 906 415 976 Salmasio
435 909 630 977 Brunckius.
678 911 857 979 Meinekius
880 934 955 979 sero
977 937 1012 1004 p.
1033 917 1110 983 139.
1137 915 1260 984 leniore

118 1030 336 1096 nutatione
358 1030 567 1115 Ἀμφαρέτας
588 1034 734 1121 scripsit,
761 1032 859 1123 idque
883 1057 1000 1102 nomen
1019 1038 1261 1127 comparatione

118 1149 331 1218 similium:
365 1152 583 1236 Ἀμφιμένης,
619 1153 833 1238 Ἀμφίμαχος
859 1168 923 1225 etc.
947 1157 1048 1223 tuitus
1071 1168 1131 1227 est.
1178 1156 1261 1225 Mihi

139 1271 363 1341 scribendum
386 1272 531 1342 ridetur:
558 1273 761 1356 Φανναρὲτας.
810 1275 864 1343 Vs.
889 1280 921 1342 3.
956 1275 1078 1343 codicis
1100 1278 1259 1369 scriptura

137 1403 226 1459 ests
251 1395 292 1467 οῖς
312 1393 348 1459 σὲ
367 1394 438 1472 μετ’
460 1393 641 1475 εὐχωλαῖς,
667 1416 764 1483 quam
788 1397 950 1463 revocarit
978 1397 1158 1466 Meineiius
1188 1420 1258 1465 rer·

155 1513 198 1578 lta
218 1515 262 1580 ita
292 1514 507 1602 coniungens:
534 1511 572 1590 οῖς
601 1538 637 1579 σε
666 1514 926 1593 μετεκαλέσσατο
954 1518 1124 1599 εὐχωλαῖς.
1172 1518 1260 1586 Scri·

162 1632 300 1703 bendum
324 1633 474 1705 ridetur:

248 1752 287 1833 οῖς
309 1781 347 1825 σε
369 1760 442 1837 μετ’
466 1758 614 1841 εὐχωλαῖς
637 1757 833 1825 ἐκαλέσσατο
850 1796 897 1808 -
914 1767 992 1837 τῆλε
1011 1762 1137 1839 βαλεῖν.

171 1873 317 1945 Lucinam
343 1879 504 1945 invocavit
529 1876 727 1946 Phaenarete
751 1902 825 1947 cnm
849 1893 921 1946 roto
941 1880 1021 1948 haec
1048 1885 1115 1973 ipsa
1137 1882 1260 1948 donna

173 2016 200 2060 ss
226 1996 406 2066 dedicatum
439 1999 490 2066 iri.
550 1997 808 2089 Comparandnm
850 2001 1061 2069 Anacreontis
1100 2000 1260 2069 distichon

178 2112 350 2197 t.1².v1,
376 2120 454 2187 tet.

248 2237 394 2324 Πρύφρων
414 2237 616 2320 Ἀρννρότοξε
636 2238 716 2307 δαῖον
736 2241 832 2325 χοῖρον
849 2244 1014 2324 Αἰσχύλον
1037 2246 1091 2325 uiri

337 2356 539 2442 Ναυκράτει,
564 2360 711 2441 εὐχωλὰς
733 2360 822 2436 ‘reici'
841 2360 1078 2442 ὑποδεξάμενος.

174 2471 286 2548 Putem
317 2477 412 2570 plura
441 2477 496 2544 hic
520 2501 682 2568 apponere
707 2481 847 2548 carmina
870 2495 942 2571 post
973 2481 1101 2547 felicem
1131 2494 1260 2570 partum

166 2599 276 2687 scripta
298 2613 331 2669 et
355 2599 497 2668 donariis
521 2601 652 2678 addita,
678 2602 732 2667 sed
752 2603 887 2668 sufficiat
908 2598 985 2668 hinc
1005 2604 1167 2672 monuisse
1187 2627 1259 2671 cor·

163 2732 291 2804 ruptum
312 2745 379 2790 esse
398 2722 512 2790 Persae
537 2725 732 2813 epigramma
756 2724 823 2803 vt,
848 2746 878 2793 o.
899 2727 978 2793 272.

248 2842 345 2924 Ζύμα
363 2868 433 2919 τον,
457 2841 479 2909 ὦ
503 2845 617 2911 Λατωῖ
638 2846 689 2911 καὶ
711 2845 902 2926 ἀνθεμόεντα
922 2847 1080 2914 κύτασσον

339 2964 393 3031 καῖ
412 2965 527 3047 μίτραν
546 2973 680 3046 μαστοῖς
701 2966 851 3050 eorpus&
870 2967 1100 3048 τεροτλομὲναν

247 3088 362 3165 θήκατο
384 3085 558 3168 Τνμοῖεσσα
581 3086 791 3154 δνσωδῖνονο
815 3087 966 3165 γενέθλας

337 3207 495 3291 οῖργαλὲον
515 3207 635 3291 δεκαταρ
657 3210 730 3289 μννῖ
754 3214 904 3288 <noyento
926 3209 1033 3291 βοῖρος.

164 3308 195 3381 ¹¹¹
221 3347 283 3417 qno
311 3352 358 3397 rs.
378 3333 412 3396 3.
445 3328 612 3395 δυσωδίνονο
639 3330 726 3395 tenui
758 3341 881 3396 tentum
917 3331 1031 3397 aititur
1060 3326 1180 3393 codicis
1201 3349 1260 3394 an·

171 3449 320 3517 ctoritate.
367 3447 533 3537 Scriptum
564 3451 666 3515 enim:
701 3447 824 3516 ὃνδίνοιο
850 3449 1074 3540 suprascriptis
1104 3449 1137 3515 in
1164 3448 1258 3515 initio

174 3557 280 3638 iittrisr
304 3593 359 3634 σω.
407 3568 502 3638 Unde
528 3568 750 3659 reponendum
779 3569 880 3637 rideri
907 3571 1030 3662 possit:
1064 3571 1177 3646 iissre
1203 3578 1258 3635 Tr·

173 3681 271 3769 μάσσω
294 3688 440 3756 εὐωδῖνοοο
470 3689 632 3769 periitne.
681 3690 744 3758 Sed
771 3690 847 3758 huic
868 3691 1061 3758 correctioni
1084 3713 1145 3755 non
1174 3690 1260 3757 ieret

120 3844 123 3869 t
175 3806 350 3878 adiectirnm
378 3811 554 3893 οῖργαλὲον,
588 3835 695 3902 neque
721 3825 808 3877 recte
836 3811 901 3876 diei
928 3810 1054 3877 ridetur
1079 3810 1182 3877 εὐύδον
1206 3809 1258 3876 rel

168 3931 289 4007 εὐύδονος
314 3930 354 3998 de
384 3931 477 4020 prole
511 3953 607 4021 quem
633 3933 726 3999 enisa
754 3943 801 3998 est
824 3954 994 4022 puerpera.
1043 3929 1258 4019 Quamobrem

163 4066 282 4150 poetam
314 4053 476 4143 scripsisse
505 4067 606 4144 puto:
632 4053 812 4121 δοσσωδῖνονο
838 4052 1000 4133 scottiae.
1048 4052 1109 4121 Sed
1132 4054 1176 4119 ita
1198 4075 1258 4119 no·

159 4200 230 4249 men
249 4173 424 4256 Τνμοῖεσσα
445 4175 567 4266 syllaba
591 4176 784 4243 certandum
804 4189 872 4256 est,
897 4177 988 4242 cuins
1019 4188 1123 4242 metro
1144 4187 1260 4266 apten-

157 4298 187 4367 di
211 4298 294 4366 ratio
320 4298 436 4367 idonea
467 4323 531 4367 non
563 4301 734 4370 succurrit.
781 4300 867 4368 Hinc
899 4313 1006 4369 antem
1035 4300 1154 4367 iirmeri
1178 4309 1258 4387 puto
