2784 5174
527 384 708 446 -63-
841 396 845 401 ’

252 578 305 639 τοῦ
329 574 436 638 λοιποῦ
459 577 554 653 γῆρυν
577 571 721 649 σώματος
743 569 827 642 ἐντὸς
847 568 927 652 ἔχει.

160 694 264 777 αὐτὰρ
287 689 361 772 ίνε
381 690 540 774 στέρνων
563 695 708 773 κεφαλῆς
731 694 762 755 τ’
780 687 857 771 ἄτερ
880 689 988 770 olmusc
1006 687 1090 774 attqt

250 811 339 897 ὕβριν
361 812 542 892 Καμβύσεω
565 811 674 893 μητέρι
697 810 920 895 μεμφόμενος·

158 932 225 1002 εὖτ’
247 933 288 1000 ἂν
309 933 337 1001 δ’
356 932 457 1010 ἠέλιος
479 933 602 1016 φσοίίοιν
620 934 752 1007 cionitas
775 933 910 1018 cloiam,

249 1052 334 1138 ἦμιιρ
353 1054 501 1134 σημαίνει
523 1061 588 1128 σοῖς
608 1058 755 1136 παρεοῦσι
773 1053 906 1135 βροτοῖς.

68 1174 137 1249 Ubi
158 1182 246 1249 as.3
270 1178 392 1266 inipso
419 1176 543 1242 colosso
564 1173 704 1264 legitur:
730 1173 902 1251 Ἀσσιινίς,
928 1172 1015 1266 quod
1042 1175 1167 1241 corraxi

68 1311 107 1377 ut
134 1299 242 1390 potui.
288 1296 414 1364 Nomou
442 1297 530 1363 cuim
557 1295 711 1364 Hostilius
737 1293 817 1361 milri
846 1293 978 1360 aliunde
997 1294 1165 1384 ignotum,

68 1418 124 1487 aad
144 1417 264 1485 doctus
292 1424 535 1485 ΔΣΤΕΙΛΙΟΣ
562 1417 706 1505 proximo
736 1413 776 1480 ad
806 1414 965 1503 aulgutam
993 1415 1164 1483 acccduut.

70 1540 181 1608 tiron
201 1546 234 1605 N
252 1536 336 1605 analo
355 1535 518 1626 dascripta
538 1536 622 1603 haud
641 1536 741 1603 dubio
760 1547 809 1603 ost
828 1545 894 1611 nt,
919 1547 953 1603 at
965 1542 1010 1602 EI
1033 1535 1167 1602 coaluis-

66 1682 102 1728 sc
126 1657 253 1727 aidotur
272 1659 305 1724 ia
325 1665 365 1724 u.
400 1657 569 1727 contrario
590 1680 698 1724 erroro
718 1658 750 1723 in
773 1661 853 1725 ssd
878 1655 1044 1746 legebatur
1061 1655 1166 1739 ζώειν,

68 1780 157 1873 quod
190 1783 224 1849 iu
256 1779 334 1863 ζωιίν
364 1779 501 1849 nutari.
549 1780 648 1850 ἥδ
683 1779 876 1846 Letoonnius
915 1802 953 1845 ax
980 1775 1167 1868 apographo

65 1902 192 1972 edidit:
219 1899 327 1968 πολλοὶ
351 1898 424 1981 ἅμα
445 1901 630 1983 στείχουσι,
657 1900 744 1991 quod
776 1899 956 1968 emendavi.
1003 1899 1100 1969 Multi
1129 1921 1166 1966 cr

64 2026 223 2094 inferiora
255 2024 404 2112 Aegypto
434 2023 468 2091 in
504 2023 703 2112 superiorem
731 2036 855 2114 partem
894 2022 1011 2088 colossi
1042 2019 1167 2088 nisandi

64 2148 174 2239 gratia
204 2147 267 2212 itcr
298 2143 405 2210 facero
430 2142 597 2214 dicuntur.
644 2144 738 2214 Vs'l
772 2145 876 2235 lapis:
907 2143 1052 2219 σσείνοιν,
1079 2139 1167 2232 quod

61 2269 274 2335 emundatum
289 2264 415 2333 Gobato
437 2263 603 2334 dabamus.
631 2268 672 2334 Et
692 2289 793 2356 quum
820 2267 960 2346 ἐλεγεῖον
983 2276 1168 2330 constanter

56 2389 108 2457 do
139 2387 407 2479 inscriptionibus
437 2386 560 2453 dictum
603 2388 666 2462 ait,
703 2387 811 2453 nescio
838 2408 878 2451 an
918 2386 1167 2473 inscriptionum

55 2510 204 2578 maxima
223 2518 318 2600 pocta
337 2506 464 2572 dicatur
483 2504 656 2573 lduasalcns
676 2506 690 2572 ὁ
713 2504 919 2585 ἐλεγειοποιίι
944 2503 1167 2572 Theodoridae

57 2633 107 2698 Δ.
126 2630 167 2699 l’.
186 2627 292 2706 xllt,
309 2632 366 2695 21.
382 2630 416 2694 2.
441 2639 474 2693 at
498 2625 640 2693 Bo'c‘thus
662 2627 676 2691 ὄ
697 2623 943 2710 ἐλεγειογριίφος
965 2625 997 2690 in
1018 2624 1168 2692 lemmata

56 2748 286 2840 Antholopiaa
318 2748 465 2839 Philippi
489 2750 530 2816 A.
554 2749 590 2815 P.
612 2749 684 2827 IX,
709 2753 787 2816 248.
833 2749 921 2815 lutor
951 2748 1083 2814 Latinos
1107 2745 1169 2814 (la-

56 2870 171 2939 tullaa
190 2883 223 2939 ot
245 2871 401 2939 Martialis
419 2870 559 2960 plurima
582 2871 810 2960 epigrammata
830 2872 1026 2959 scripserunt
1046 2865 1169 2936 hendo·

58 2991 239 3081 canllalois
260 3004 293 3060 ct
312 2992 428 3059 iambis
454 2991 599 3069 claudis,
626 2993 741 3059 Gracci
762 3014 839 3058 vcro
866 2992 970 3058 multo
989 2991 1166 3083 pauciora,

60 3134 177 3203 nequa
194 3113 297 3179 multa
317 3113 432 3181 iambis
453 3112 566 3202 puris,
591 3123 627 3177 ut
650 3114 682 3177 in
705 3111 969 3202 inscriptionibus
990 3111 1031 3176 ab
1049 3111 1172 3200 alagia·

58 3235 115 3301 cis
143 3235 284 3302 numeris
315 3233 383 3301 iere
407 3255 471 3299 nou
504 3233 671 3299 recessisse
692 3232 860 3298 videantur
880 3233 943 3297 nisi
968 3231 1024 3297 ubi
1048 3241 1170 3296 statuae

62 3354 156 3421 basis
176 3368 231 3420 aut
253 3353 336 3444 lapis
362 3375 422 3443 pro
443 3350 493 3418 his
510 3355 673 3441 angustior
692 3366 788 3422 osset.
836 3352 928 3440 Quod
948 3352 1067 3418 facturn
1089 3361 1169 3441 puto

65 3477 101 3542 in
124 3472 295 3541 Phaedimi
317 3472 546 3562 epigrammata
566 3472 665 3541 nt).
689 3472 792 3553 XIII,
818 3478 851 3543 2.

159 3593 399 3676 Κολλίσσρσισίς
423 3617 491 3668 σοι,
519 3594 612 3668 Ζηνὸς
636 3589 657 3658 ὦ
679 3591 840 3676 διοίκσορε,

160 3714 248 3791 ilaus
270 3719 393 3799 μορφῆς
416 3711 523 3790 ξυνὸν
546 3713 649 3792 ίίλιιοος
672 3712 790 3788 νιίσον,

158 3836 331 3920 Κηφισιεὺς
350 3835 366 3900 ὁ
389 3840 512 3917 κοῦρος·
535 3829 558 3917 ᾧ
580 3833 690 3917 χοιρείς
709 3832 793 3910 ίονιοξ

156 3957 389 4040 Ἀπολλοδώρου
407 3955 510 4023 naida
532 3956 585 4022 ossi
609 3954 733 4037 σιίσρσον
755 3952 832 4021 colo.

56 4081 97 4149 ln
137 4078 234 4144 cuius
263 4081 351 4146 ast
382 4079 663 4167 corruptissimum
691 4089 742 4142 est
768 4072 857 4150 ξυνόν
876 4072 1056 4147 -σιίνιον,
1083 4071 1169 4163 quod

56 4200 235 4270 lacobsius
266 4195 308 4264 ad
330 4196 435 4267 ooth.
461 4198 518 4266 Gr.
543 4211 569 4266 t.
590 4196 677 4272 Vll,
703 4219 737 4284 p.
767 4196 829 4259 187
866 4194 1091 4282 interpretatus
1123 4207 1171 4258 ast

53 4323 208 4416 speciem
233 4323 415 4411 utriquest
438 4319 498 4388 deo
520 4319 682 4387 Mercurio
704 4329 735 4382 ot
756 4313 937 4384 Callistrato
957 4315 1062 4382 iuveni
1083 4335 1173 4380 oom-
